2796 4724
293 327 694 438 sannarum
724 365 839 437 er.
875 365 937 436 IV.
1086 391 1155 464 213
1202 452 1204 457 .

176 537 356 611 cundatus
385 536 449 627 est,
484 543 618 611 “num
658 536 695 609 id
735 534 896 633 precibus
928 535 1152 633 Agrippina,

176 665 205 701 “
222 679 280 731 aut
297 656 401 730 minis
419 658 652 732 tribuiffent.''
703 660 751 730 Et
769 657 820 730 illi
840 656 1003 755 quidem,
1028 683 1152 754 quarn-
1234 703 1238 709 -
1277 693 1286 703 ·

111 873 113 876 Α
150 780 282 875 'quarn
298 780 505 869 abnuerent,
530 777 671 853 modice
689 777 869 875 perstrisli,
897 777 1047 872 (etenim
1075 787 1154 874 pars

173 923 303 996 magna
327 924 347 971 e
371 899 580 998 propinquis
599 898 716 996 ipsius,
742 918 801 971 aut
820 896 988 995 primores
1009 897 1156 972 civitatis

173 1036 272 1092 erant
286 1020 318 1113 ι)
354 1020 509 1093 εεῑεῐὺηι
549 1020 586 1092 in
613 1001 745 1108 senatu,
776 1017 934 1092 oratione
956 1006 1095 1092 monuit
1119 1020 1156 1094 in

176 1138 369 1236 postenun,
402 1146 429 1181 ‘⁶
444 1165 489 1212 ne
511 1139 590 1236 quis
617 1140 780 1219 mobiles,
794 1136 1064 1213 adolescentium
1081 1139 1156 1213 ani-

176 1266 204 1301 “
224 1254 324 1349 mos,
340 1259 553 1356 ptaematuris
581 1260 771 1334 honoribus
799 1264 845 1333 ad
866 1251 1064 1357 superbiam
1092 1286 1155 1333 ex·

177 1385 207 1420 “
226 1380 399 1451 tolleret.''
444 1379 600 1471 ,Instabat
625 1379 759 1478 quippe
782 1379 936 1478 Sejanus,
963 1378 1155 1455 incusabat·

178 1525 247 1597 que
278 1505 306 1543 “
322 1498 504 1572 diduslam
529 1499 721 1590 civitatem,
755 1522 795 1573 ut
825 1500 919 1573 civili
946 1502 1063 1575 bello:
1092 1505 1159 1576 elle

87 1598 96 1610 ἃ
180 1625 210 1663 “
229 1620 290 1719 qui
324 1618 357 1693 se
385 1619 538 1717 partium
560 1614 771 1719 Agrippina
794 1642 944 1694 vocent:
980 1647 1020 1694 ac
1045 1622 1156 1694 nire-

100 1795 104 1803 ·
178 1745 206 1784 “
226 1741 366 1832 sistatur,
389 1740 462 1815 sore
478 1744 618 1840 plures:
652 1767 765 1838 neque
783 1741 878 1814 aliud
893 1741 1066 1840 gliscentis
1088 1741 1155 1816 dis÷

178 1869 206 1905 “
226 1862 353 1936 cordiae
371 1862 581 1951 remedium,
607 1862 717 1959 quint
739 1865 762 1934 fi
788 1888 878 1935 unus
902 1864 1037 1936 alterve
1055 1889 1155 1937 max*
1195 1860 1198 1866 ’

178 1989 206 2025 “
224 1982 296 2057 ime
322 1983 476 2082 prompti
502 1981 812 2056 subverterentur.''

239 2107 374 2181 XVIII.
414 2108 508 2202 Qut
544 2128 675 2178 eausa
702 2106 744 2176 C.
773 2102 911 2195 Silium,
952 2109 986 2179 br
1014 2106 1154 2180 Titium
1190 2115 1198 2149 ¹

173 2223 360 2315 Sabinum,
381 2224 606 2322 adgreditur:
632 2224 784 2298 amicitia
812 2225 1013 2306 Germanici
1038 2226 1155 2325 pemi-

172 2343 263 2417 ciosa
289 2346 455 2442 utrique;
490 2345 575 2419 Silio
606 2351 654 2436 δι,
681 2344 777 2444 qudd
802 2346 952 2443 ingentis
981 2342 1181 2419 exercitlls*

174 2462 307 2560 septem
325 2489 386 2561 per
402 2490 513 2538 annos
529 2468 742 2556 moderator,
764 2464 941 2562 partisque
954 2465 1048 2561 apud
1067 2468 1155 2539 Ger·

80 2670 86 2681 ¹
174 2582 332 2655 maniam
357 2584 639 2688 triumphalibus,
664 2585 892 2660 Sacroviriani
922 2584 1004 2659 belli
1026 2585 1154 2677 vidior,

177 2701 310 2798 quanto
337 2702 465 2802 majore
484 2708 579 2781 mole
603 2706 821 2805 procideret,
845 2708 923 2803 plus
957 2703 1155 2780 formidinis

174 2820 211 2893 in
228 2823 311 2896 allos
329 2823 597 2926 dispergebatur.
623 2828 824 2901 Credebant
842 2825 999 2922 plerique
1016 2829 1155 2901 audam

174 2943 402 3029 offensionem
433 2948 536 3044 ipfius
569 2947 844 3045 intemperantis,
869 2947 1061 3020 immodice
1079 2945 1155 3045 jac·

175 3062 293 3153 tantis,
338 3072 366 3106 “
384 3063 484 3140 suum
523 3067 669 3140 militem
697 3067 734 3141 in
764 3066 931 3166 obsequio
969 3068 1152 3159 duravisse,

175 3189 204 3227 “
221 3183 305 3258 citm
340 3183 398 3258 alii
433 3188 477 3260 ad
506 3186 687 3263 seditiones
718 3189 1011 3286 prolaberenturz·
1039 3215 1154 3288 neque

178 3308 206 3345 “
224 3301 426 3384 mansurum
437 3307 584 3382 Tiberio
597 3309 797 3406 imperium,
822 3313 845 3383 fi
868 3310 908 3382 iis
934 3335 1076 3407 quoque
1104 3312 1153 3383 le·
1244 3399 1247 3401 .

91 3485 94 3489 .
174 3428 203 3464 “
222 3422 386 3522 gionibus
423 3427 551 3524 cupido
585 3429 741 3502 novandi
791 3427 939 3503 suiffet.''
1013 3430 1154 3505 Destrui

174 3567 237 3641 per
253 3545 329 3618 ltaec
346 3544 522 3622 fortunam
537 3546 634 3622 suam
650 3548 775 3642 Caesar,
802 3549 1041 3650 imparemque
1057 3562 1153 3628 tanto

172 3665 298 3742 metito
327 3668 479 3744 rebatur.
540 3670 636 3742 Nam
663 3671 833 3748 beneficia
854 3672 910 3747 ‚eb
944 3672 1052 3775 usque
1078 3678 1154 3753 laeta

637 3790 665 3862 P
687 3817 707 3888 a
