2760 4718
324 314 620 422 Auunrrun
645 345 762 418 Lis.
794 326 828 415 V
1044 345 1113 440 265

143 512 288 621 quidem
312 524 512 620 confingere
540 521 650 621 ausus,
678 517 962 619 “adrogantiam
985 518 1055 592 oris
1082 522 1117 592 tc

144 649 431 717 “contumacem
456 640 636 714 animum”
662 640 842 729 incusavit,
861 640 1000 737 'magno
1021 638 1116 711 sena·

145 764 200 837 tus
230 785 357 860 pavore
387 786 427 834 ac
456 761 610 834 lilentio:
637 761 750 834 donec
772 758 887 858 pauci,
916 759 995 855 quls
1024 760 1119 833 nulla

75 958 77 970 ,
143 908 188 956 ex
206 880 349 954 honesto
366 877 454 976 spes,
481 884 515 952 δι
539 880 677 977 publica
699 882 790 952 mala
811 878 950 975 singulis
967 878 1001 951 in
1018 903 1119 953 occa·

143 1006 271 1076 fionem
290 999 410 1099 gratiae
426 1001 622 1087 trahuntur,
650 1006 676 1043 “
690 1020 730 1072 ut
751 997 949 1072 referretur''
966 998 1118 1097 postula·
1188 986 1191 996 ’

144 1124 240 1210 vere,
268 1118 519 1216 promptiffimo
553 1121 655 1192 Cotta
680 1118 867 1192 Mellalino
899 1143 981 1192 cum
1013 1116 1120 1191 atroci

144 1239 332 1314 sententia:
365 1236 423 1310 sed
446 1237 520 1310 aliis
544 1265 564 1311 a
589 1238 813 1335 primoribus,
849 1238 1074 1335 maximeque
1100 1264 1121 1313 a

142 1359 412 1458 magistratibus,
454 1358 710 1455 trepidabatur:
764 1358 895 1456 quippe
935 1357 1115 1449 Tiberius,

135 1465 201 1555 'etti
218 1479 348 1554 infense
370 1479 538 1568 invenus,
565 1498 677 1552 cetera
691 1479 857 1577 ambigua
873 1478 1069 1577 reliquerat.

194 1579 255 1674 lv'.
286 1601 387 1672 Furr
419 1599 453 1671 in
482 1598 597 1672 senatu
622 1597 747 1694 Junius
773 1599 947 1688 RusticuS,
977 1624 1120 1696 compo-

144 1719 267 1793 nendis
288 1740 427 1815 patrum
452 1719 535 1791 actis
551 1719 702 1791 delectus
718 1744 738 1790 a
752 1717 894 1809 Caesare,
921 1720 1031 1816 eoque
1047 1746 1120 1792 me·

144 1838 330 1913 ditationes
354 1838 426 1938 ejus
442 1836 663 1935 introspicere
679 1838 847 1913 creditus:
878 1838 907 1912 is
923 1838 1016 1913 fatali
1033 1867 1122 1939 quo·

77 1982 81 1993 ¹
144 1960 228 2033 dam
244 1981 343 2034 motu
371 1963 504 2058 (neque
528 1959 620 2033 enim
637 1959 715 2032 ante
732 1958 904 2056 specimen
923 1960 1121 2036 constantiae

146 2079 307 2176 dederat)
335 2078 393 2154 seu
422 2083 526 2176 prava
553 2078 697 2167 solertia,
727 2080 828 2170 dum,
862 2080 1123 2155 imminentium

62 2268 67 2278 .
147 2200 288 2291 oblitus,
325 2200 455 2274 incerta
488 2219 605 2296 pavet,
639 2196 779 2272 inserere
802 2199 835 2273 se
867 2202 1120 2292 dubitantibus,

129 2346 184 2403 ,ac
201 2324 344 2393 monere
367 2318 523 2392 consules
549 2326 575 2362 “
594 2344 638 2391 ne
653 2317 854 2391 relationem
880 2319 1070 2416 inciperent
1086 2323 1123 2392 :''

72 2458 78 2467 ’
143 2439 411 2536 differebatque,
444 2437 655 2511 “brevibus
679 2438 866 2512 momentls
883 2436 1018 2513 summa
1035 2439 1123 2514 verti

147 2566 174 2608 “
193 2560 289 2655 polle
296 2586 307 2643 ;
335 2557 546 2653 quandoque
560 2553 766 2632 Germanici
784 2558 940 2656 stirpem,
961 2563 1023 2634 ubi
1046 2559 1123 2658 spa·

69 2698 70 2701 ’
147 2684 174 2739 .“
196 2676 284 2750 tium
311 2676 519 2772 paenitentiae
546 2676 647 2768 senis,
672 2678 879 2777 resurgere.’'
926 2678 1037 2754 Simul
1059 2707 1123 2779 po·
1203 2700 1206 2706 ·

147 2798 247 2895 pulus
278 2795 409 2895 effigies
428 2797 636 2896 Agrippinas
652 2824 692 2872 ac
707 2798 867 2872 ¹Neronis
892 2824 1027 2899 gerens,
1056 2801 1120 2873 cir-

150 2915 314 2990 cumfistit
342 2917 486 3007 curiam,
512 2916 671 3015 festisque
690 2918 725 2991 in
743 2917 910 2992 Caesarem
928 2913 1119 3011 ominibus,

149 3043 178 3081 “
196 3034 292 3110 uisas
309 3035 434 3124 literas,
463 3041 497 3110 br
522 3037 684 3134 Principe
700 3037 822 3112 invito.
834 3039 984 3141 exitium
999 3041 1122 3114 domui

102 3176 105 3183 ’
150 3165 177 3199 “
203 3153 276 3252 ejus
292 3154 462 3245 intendi,''
495 3156 672 3230 clamitat:
702 3157 851 3232 itanihil
868 3160 962 3234 triste
987 3161 1048 3233 illo
1064 3161 1123 3235 die

152 3295 334 3374 patratum.
384 3278 414 3351 F
415 3277 598 3366 erebantur
613 3277 716 3350 etiam
739 3278 802 3352 sub
820 3278 1018 3353 nominibus
1039 3306 1123 3353 con·

131 3378 314 3470 'solarium
330 3396 419 3469 fietae
435 3395 471 3470 in
487 3392 649 3493 Sejanum
666 3377 854 3488 sententia,
882 3399 1122 3474 exercentibus

150 3513 319 3615 plerisque
342 3539 403 3611 per
418 3517 612 3607 occultum,
639 3537 743 3616 atque
764 3516 807 3591 eb
828 3517 1020 3615 procacius,
1045 3520 1123 3597 libi·

148 3635 267 3710 dinem
294 3633 539 3734 ingeniorum:
572 3638 666 3712 unde
701 3638 751 3710 illi
779 3637 827 3710 ita
857 3636 1055 3731 violentior,
1087 3647 1122 3715 a

148 3754 306 3842 materies
324 3755 542 3849 criminandi,
566 3765 592 3802 “
610 3757 760 3861 spretum
776 3759 936 3839 dolorem
953 3758 1124 3867 Principia
1174 3809 1176 3817 ν
