2776 4724
296 261 361 339 xlii

299 484 381 533 nem
397 453 615 554 ignobilioris
632 459 666 528 &
683 452 837 529 obscura
851 445 1029 542 editionis,
1046 478 1154 551 quam
1167 460 1269 557 prelis

296 573 557 676 typographicis
585 575 887 662 accommodabat,
923 576 979 649 vel
1009 576 1163 653 maxime
1195 582 1268 678 ejus

237 688 260 708 ’
294 699 458 774 mendas:
486 695 642 771 Pichena
657 694 861 793 scripturam
877 721 1021 770 omnem
1038 696 1268 795 qualemcun-
1357 770 1360 773 ,

190 887 196 899 x
293 845 365 918 que
381 817 618 915 Lipsranaeed.
641 820 744 916 1585.
762 814 926 914 Ryckius
942 818 1000 891 cd.
1015 812 1267 910 Gronorianae,

252 1006 258 1018 .
292 943 359 1014 five
386 936 670 1012 Berneccerianae.
720 941 811 1036 Qtae
834 962 918 1035 ergo
947 936 997 1010 est
1021 965 1099 1014 vere
1124 943 1266 1040 vulgata

295 1066 329 1135 &
346 1078 484 1155 recepta
498 1048 617 1131 'Taciti
645 1054 772 1129 lertio?
821 1056 983 1130 Profesto
1007 1057 1094 1158 saepe
1110 1060 1268 1136 animad-

295 1178 381 1257 verti
394 1179 543 1277 vulgatae
556 1175 716 1249 lectionis
732 1195 862 1251 nomen
877 1176 966 1251 nihil
981 1180 1059 1269 effe,
1074 1181 1147 1270 nist,
1166 1185 1268 1281 quod

294 1303 340 1376 dc
374 1302 530 1373 Fortuna
567 1295 659 1370 dixit
689 1319 788 1372 vetus
813 1297 954 1395 aliquis,
992 1307 1113 1386 ἀγνόιις
1136 1306 1269 1392 rnatu,

294 1416 497 1520 perfugium
514 1438 604 1503 certe
622 1416 777 1491 inscitiae.
825 1417 911 1491 Non
936 1416 1133 1493 videndum
1157 1421 1269 1497 estin
1326 1452 1330 1458 ·

295 1537 517 1638 scriptoribus
533 1536 700 1636 antiquis,
726 1564 806 1635 quae
830 1539 972 1636 vulgata
988 1537 1093 1612 lertio
1109 1543 1171 1639 fit:>
1191 1541 1269 1617 sunt

79 1686 82 1693 ⁵
189 1697 197 1715 ι
296 1658 391 1736 enirn
405 1657 491 1755 saepe
504 1656 542 1731 in
555 1685 628 1732 uno
641 1659 721 1746 loco
735 1660 852 1755 plures
862 1660 1013 1757 vulgatae
1019 1693 1031 1748 3
1046 1680 1151 1758 atque
1165 1660 1269 1737 etiam

294 1781 432 1855 mendae
446 1780 647 1878 vulgantur,
671 1799 714 1852 ut
729 1777 860 1852 centies
878 1778 915 1851 in
931 1778 1023 1853 notis
1037 1781 1085 1853 ad
1100 1780 1269 1857 Tacitum

295 1898 420 1974 docui:
440 1897 498 1972 sed
515 1925 594 1998 quae
614 1902 707 1973 bona
723 1902 774 1987 fit,
791 1923 811 1973 e
831 1897 932 1972 bonis
949 1897 1045 1986 libris
1060 1901 1269 1977 &correctis

161 2046 163 2051 ⁸
295 2021 415 2106 dusta,
455 2023 488 2093 δι
519 2019 648 2120 linguae
679 2018 816 2118 legibus
844 2016 1018 2116 rebusque
1047 2018 1266 2098 consentiens

294 2139 512 2216 maxime.-

836 2257 974 2335 Etnesti
990 2204 1069 2360 pag.
1085 2285 1173 2352 42-
1181 2287 1242 2360 43.

345 2499 428 2601 Pag.
446 2525 504 2602 31.
521 2501 582 2576 lin.
601 2525 633 2602 7.
653 2502 721 2599 post
742 2502 841 2575 verba
859 2499 1161 2590 MS..Corbeicnst
1170 2521 1266 2600 pone,

129 2567 134 2583 s
178 2638 179 2641 ’
296 2621 384 2721 (vid.
402 2649 481 2724 pag.
503 2650 534 2697 1.
550 2622 612 2696 lin.
631 2628 709 2713 ao.)

207 2770 209 2773 ·
345 2741 428 2842 Pag.
447 2769 507 2844 37.
525 2742 589 2834 lin,
612 2771 671 2844 23·
695 2756 768 2817 ante
786 2744 914 2818 verbum
937 2746 1047 2818 Anno
1065 2761 1156 2840 pone,
1183 2742 1267 2819 viu

163 2904 167 2921 t
298 2890 377 2964 pag.
392 2890 451 2940 ao.
477 2863 538 2940 lin.
558 2865 614 2963 36.
