2834 4732
243 309 315 409 Ι58
462 307 1061 385 ocotnstnTscm

269 484 469 559 deseruere:
495 484 624 581 vulgus
654 482 865 556 trucidatum
898 482 958 573 est,
988 483 1101 555 donec
1129 483 1180 559 ira
1213 488 1247 560 ὅτ

269 606 340 677 dies
358 607 553 700 permansit.
604 604 721 676 Noele
737 603 884 675 demum
908 600 1048 676 reversae
1074 604 1246 700 legiones,

267 723 430 822 quamvis
445 725 523 819 plus
540 724 739 812 vulnerum,
774 724 898 796 eadem
926 710 1086 796 ciborum
1114 726 1247 822 egestas

265 844 439 943 fatigaret,
459 843 547 934 vim,
580 842 775 935 sanitatem,
801 844 932 941 copias,
958 845 1083 917 cunssa
1107 843 1144 917 in
1171 845 1245 920 vic·-

265 962 354 1038 toris
381 965 545 1037 habuere.
641 1028 647 1037 r
693 966 696 979 '

313 1086 450 1191 LllIX.
487 1086 754 1160 Psnvnsnnsr
798 1085 936 1161 interim
969 1083 1242 1161 “circumventi

266 1214 293 1250 “
311 1206 507 1280 exercitlrs'’
530 1207 635 1298 sarna,
666 1212 700 1281 δι
719 1215 747 1250 “
759 1206 881 1282 infesto
903 1211 1163 1281 Germanorum
1180 1234 1243 1306 ag-

266 1335 293 1370 “
312 1327 407 1401 mine
424 1329 553 1402 Gallias
570 1329 639 1426 peti
654 1330 690 1401 :''
724 1355 763 1403 ac
780 1327 816 1400 ni
835 1327 1031 1427 Agrippina
1046 1328 1244 1424 impositum

264 1450 396 1522 Rheno
429 1469 574 1546 pontem
602 1447 687 1522 solvi
717 1449 955 1548 prohibuisset,
996 1468 1092 1521 erant
1121 1449 1181 1546 qui
1209 1448 1245 1522 id

264 1569 438 1669 flagitium
454 1568 640 1643 formidine
657 1570 825 1643 auderent
842 1599 851 1642 ε
886 1568 944 1643 sed
961 1568 1106 1643 ¹semina
1123 1571 1246 1669 ingens

264 1690 384 1780 animi,
403 1690 523 1763 munia
539 1691 637 1764 ducis
655 1717 790 1788 percos
807 1692 879 1765 dies
912 1689 1040 1780 induit,
1066 1692 1244 1766 militibus-

263 1830 384 1908 quent
402 1810 479 1907 quis
494 1809 609 1909 inops,
628 1833 688 1884 aut
704 1811 849 1902 saucius,
877 1811 1007 1886 vestem
1033 1816 1066 1886 δι
1090 1812 1246 1886 fomenta

151 2007 152 2010 ,
262 1929 423 2028 dilargita
449 1931 506 2004 est.
566 1932 689 2005 Tradit
710 1933 752 2004 C.
778 1933 925 2020 Plinius,
953 1935 1246 2008 Germanicorum
1326 1962 1330 1974 ³
1393 1924 1395 1932 ¹

262 2053 436 2124 bellorum
457 2049 611 2149 scriptor,
640 2052 763 2125 stetisse
777 2052 870 2148 apud
887 2050 1097 2147 principium
1116 2055 1243 2149 pontis,

263 2173 382 2245 laudes
409 2176 442 2244 δι
471 2192 583 2270 grates
599 2175 738 2245 reversis
755 2169 950 2269 legionibus
967 2172 1167 2246 habentem.
1202 2171 1245 2245 ld

263 2291 397 2365 Tiberii
425 2293 583 2367 animum
609 2292 708 2366 altibs
735 2289 938 2389 penetravit.
995 2298 1022 2333 “
1036 2293 1123 2364 Non
1149 2292 1244 2365 enim

266 2418 295 2455 “
314 2414 481 2510 simplices
499 2441 555 2488 eas
572 2440 692 2488 curas:
726 2439 790 2486 nec
806 2413 971 2485 adversus
987 2432 1149 2486 externos
1177 2413 1257 2486 mia

266 2537 294 2574 “
312 2532 409 2608 litem
427 2534 557 2632 quaeri:
584 2535 669 2607 nihil
691 2532 850 2608 relislum
874 2532 1151 2629 imperatoribus,
1184 2534 1247 2609 ubi

152 2674 154 2680 ‘
263 2661 293 2717 ·“
311 2652 439 2727 semina
456 2655 651 2754 manipulos
668 2653 855 2746 intervisat,
886 2659 982 2754 signa
997 2657 1113 2746 adeat,
1142 2657 1247 2755 largi-

266 2784 294 2820 “
312 2777 445 2850 tionem
462 2799 584 2868 tentet,
619 2798 800 2876 tamquam
817 2783 940 2873 parum
968 2775 1152 2849 ambitiose
1179 2777 1247 2850 fili·

267 2904 295 2938 “
313 2925 375 2970 um
403 2888 501 2972 ducis
526 2899 657 2997 gregali
674 2898 792 2973 habitu
815 2895 1044 2986 circumferat,
1079 2897 1248 2991 Caesarem-

155 3035 157 3039 ’
266 3022 293 3058 “
313 3042 382 3114 que
393 3018 566 3115 Caligulam
584 3018 748 3118 appellari
766 3018 862 3091 velit.
879 3015 1139 3116 Potioremjain
1152 3020 1247 3116 apud

266 3143 294 3178 “
312 3137 482 3210 exercitus
512 3138 763 3236 Agrippinam,
806 3140 914 3238 quim
953 3140 1099 3238 legatos,
1139 3138 1246 3235 quim

264 3263 292 3297 ‘⁴
310 3256 439 3329 duces:
471 3261 698 3353 compressam
727 3287 747 3332 a
773 3260 917 3333 muliere
938 3257 1162 3348 seditionem,
1191 3258 1247 3332 cui

265 3380 292 3414 “
312 3400 443 3449 nomen
460 3377 627 3475 Principis
644 3379 805 3452 obfistere
834 3405 906 3452 non
936 3379 1123 3476 quiverit.''
1173 3387 1245 3452 Ac-

234 3482 238 3489 ·
263 3494 432 3568 cendebat
450 3499 524 3570 haec
541 3501 776 3597 onerabatque
791 3498 944 3598 Sejanus,
971 3499 1091 3596 peritias
1107 3523 1246 3572 morum

262 3611 410 3702 Tiberii,
439 3615 520 3688 odia
537 3616 574 3689 in
590 3620 740 3718 longum
750 3618 897 3717 jaciens,
922 3647 999 3718 quae
1027 3618 1244 3711 reconderet,

262 3734 430 3831 auslaque
455 3759 638 3833 promeret.
