2512 4680
86 355 158 429 290
226 309 227 316 ἵ
308 331 897 408 C.ConunrrrTAerrr

38 596 39 599 Ἴ
134 508 220 584 XX.
251 505 327 585 Suu
356 509 451 585 idem
480 527 623 608 tempus
648 511 689 584 C.
717 507 841 599 Caesar,
876 505 1075 587 discedenti
1136 558 1139 564 ·

86 631 238 726 Capreas
259 656 329 705 avo
344 654 475 722 comes,
511 631 710 723 Claudiam,
745 633 803 706 M.
820 616 923 704 Silani
940 631 1075 724 filiam,

87 748 254 849 conjugio
271 751 426 853 aceepit3
445 751 640 854 immanem
656 751 812 827 animum
827 751 971 826 subdola
988 778 1075 826 mo-

87 871 192 944 destia
208 891 345 972 tegens,
368 899 441 946 non
458 873 682 947 damnatione
697 872 829 964 matris,
859 898 931 947 non
945 872 1076 946 exfilio

87 992 233 1068 fratrum
267 1000 370 1093 rupta
397 990 512 1083 voce3
553 997 692 1094 qualem
721 994 758 1069 in
786 994 883 1069 diem
904 991 1075 1068 Tiberius

84 1114 261 1207 induisset,
290 1117 364 1214 pari
391 1117 530 1208 habitu,
562 1117 655 1223 haud
680 1116 833 1191 multum
861 1115 1075 1189 distantibus

86 1237 213 1312 verbis,
263 1239 376 1313 Unde
396 1265 484 1338 mox
512 1237 639 1314 scitum
667 1229 812 1312 Paffieni
830 1234 977 1311 oratoris
993 1234 1073 1309 dic·

86 1378 164 1432 tum
182 1360 397 1456 percrebuit,
429 1348 602 1459 “Neque
620 1358 800 1434 meliorem
816 1383 990 1458 umquam
1006 1357 1074 1430 ser·

88 1487 116 1524 “
137 1505 237 1571 vum,
255 1507 370 1581 neque
385 1480 594 1555 deteriorem
610 1480 796 1554 dominum
812 1481 950 1554 fuiffe.','
983 1480 1073 1553 Non

86 1600 264 1676 omiserim
280 1601 486 1702 praesagium
502 1600 652 1691 Tiberii,
678 1602 722 1673 de
745 1603 818 1674 Ser·
836 1603 966 1691 Galba,
992 1619 1072 1674 tum

85 1721 253 1814 consule:
286 1720 581 1821 quem-accitum,
617 1726 651 1795 δι
680 1720 823 1815 diversrp
852 1719 1072 1796 sermonibus

69 1823 335 1942 pertentatum,
354 1839 528 1941 postremo
546 1841 678 1916 Graecis
699 1841 814 1914 verbis
831 1841 868 1914 in
887 1844 977 1916 hanc
994 1839 1078 1915 sen·-

84 1964 228 2038 tentiam
257 1965 462 2045 adlocutus;
491 1968 520 2003 “
536 1964 584 2033 Et
612 1981 664 2049 tu,
696 1963 824 2050 Galba,
854 1963 1073 2060 quandoque

85 2070 328 2179 “degustabis
352 2078 539 2174 imperium
557 2081 594 2149 :''
621 2078 729 2152 seram
758 2105 799 2152 ac
828 2082 977 2153 brevem
1003 2106 1072 2176 po,-

83 2201 225 2277 tentiam
259 2197 465 2297 fignificans,
503 2193 645 2270 scienti&
681 2197 934 2288 Chaldaeorum
967 2197 1070 2289 artis,

85 2324 183 2423 cujus
199 2319 404 2421 apiscendae,
417 2316 528 2391 otiu'm
545 2317 641 2415 apud
653 2316 840 2404 Rhodum,
854 2315 1069 2414 magistrum

84 2443 323 2542 Thrasyllum,
347 2439 481 2531 habuit,
510 2438 672 2536 peritiam
696 2434 767 2535 ejus
787 2432 858 2513 hoc
875 2441 988 2514 modo
1004 2463 1069 2514 ex·

85 2587 214 2667 pertus.
501 2546 504 2552 ’

134 2688 237 2761 XXI.
264 2691 472 2783 Qrorraus
500 2680 601 2779 super
634 2683 695 2755 tali
721 2679 868 2780 negotio
896 2680 1069 2756 consulta-

83 2828 150 2896 ret,
169 2807 263 2881 edita
278 2806 405 2880 domlrs
423 2823 533 2901 parte,
551 2827 592 2875 ae
610 2801 724 2876 liberti
741 2800 844 2876 unius
859 2802 1073 2878 conscientid

70 2929 269 3001 utebatur:
299 2926 329 3000 is
361 2926 537 2999 literarum
569 2922 725 3021 ignarus,
754 2948 904 3021 corpore
932 2924 1067 3016 valido,

83 3073 147 3146 per
173 3048 252 3123 avia
274 3074 313 3122 ac
330 3048 480 3147 derupta
510 3047 611 3139 (nam
628 3042 718 3116 saxis
736 3043 864 3117 domus
883 3044 1068 3143 imminet)
1186 3115 1187 3118 ,

82 3167 228 3264 praibat
241 3173 335 3259 eum,
366 3165 464 3264 cujus
480 3186 591 3239 artem
609 3164 760 3262 experiri
777 3163 946 3238 Tiberius
962 3165 1068 3240 statu·

80 3286 180 3372 iffet3
206 3297 241 3363 δε
274 3287 541 3388 regredientem,
576 3288 599 3358 fi
624 3283 788 3358 vanitatis
818 3305 878 3358 aut
901 3284 1069 3364 fraudum

79 3403 226 3507 suspicio
242 3410 431 3498 incesserat,
458 3407 495 3481 in
527 3404 722 3504 subjeetum
750 3431 845 3480 mare
869 3408 1075 3508 praecipita--

79 3527 155 3608 bat,
185 3550 231 3598 ne
247 3529 354 3602 index
372 3526 490 3600 arcani
505 3526 677 3600 existeret.
728 3517 840 3626 lgitur
861 3526 1075 3626 Thrasyllus'

78 3639 200 3717 iisdem
220 3647 366 3742 rupibus
384 3647 560 3736 indudtus,
574 3646 758 3755 postquam
776 3651 1065 3744 percundlantem

78 3782 335 3855 commoverat,
372 3764 563 3862 imperium
595 3765 671 3864 ipsr,
706 3768 741 3838 ἃ
770 3763 887 3841 futura
924 3765 1068 3844 solerter
