2834 4732
393 366 699 434 Auunsrun
733 364 846 435 Lra.
880 359 926 434 ΙΙ.
1076 383 1143 461 ¹25

171 535 325 610 Tiberio.
372 535 501 632 Neque
522 533 633 607 multo
651 533 727 632 post
743 533 987 632 exstinguitur,
1014 532 1146 629 ingenti

170 656 267 730 luau
296 653 484 752 provinciae
514 659 547 727 δι
577 653 894 752 circumjacentium
925 654 1147 751 populorum.

168 777 352 849 Indoludre
374 795 499 848 exterae
522 774 677 848 nationes
694 773 860 873 regesque
874 803 885 861 ;
911 793 1006 846 tanta
1022 772 1072 844 illi
1089 799 1147 846 co-

168 896 267 970 mitas
284 897 321 968 in
336 895 460 986 socios,
490 893 719 967 mansuetudo
735 894 771 966 in
787 894 900 968 hostes
914 922 923 979 ;
951 891 1098 990 visuque
1115 898 1149 967 δι

168 1017 290 1091 auditu
313 1014 417 1114 juxta
441 1015 662 1105 venerabilis,
698 1016 780 1088 ciam
804 1013 1085 1112 magnitudinem
1114 1019 1149 1089 a
1184 1078 1192 1090 .

170 1138 376 1236 gravitatem
393 1136 537 1210 summae
554 1137 699 1210 fortunae
721 1135 894 1225 retineret,
925 1133 1095 1208 invidiam
1115 1140 1149 1209 δι

170 1258 411 1356 adrogantiam
429 1239 610 1355 effugerat.

219 1380 393 1450 LXXIII.
411 1380 545 1449 Funus
563 1381 631 1449 sine
648 1375 906 1474 imaginibus&
920 1377 1061 1471 pompa,
1089 1401 1150 1472 per

172 1497 307 1586 laudes,
335 1501 367 1570 δι
396 1497 603 1570 memoriam
628 1497 797 1569 virtutum
820 1493 890 1592 ejus
914 1495 1048 1567 celebre
1070 1493 1146 1567 fuit.

110 1630 115 1649 ¹
174 1621 221 1691 Et
245 1639 340 1691 erant
362 1617 423 1716 qui
446 1617 612 1708 formam,
638 1637 788 1704 aetatem,
815 1640 924 1713 genus
942 1614 1075 1705 mortis,
1101 1617 1149 1688 ob

83 1823 85 1827 ¹
173 1739 469 1838 propinquitatem
489 1738 593 1812 etiam
615 1739 786 1826 locorum,
814 1736 849 1808 in
866 1735 992 1834 quibus
1009 1734 1147 1827 interiit,

174 1861 301 1958 Magni
332 1859 528 1933 Alexandri
556 1856 634 1931 satis
659 1859 890 1954 adaequarent.
942 1856 1083 1929 “Nam
1108 1884 1148 1930 u-

174 1984 202 2020 “
219 2000 383 2078 trumque
408 2005 553 2077 corpore
570 1980 711 2068 decoro,
740 2002 866 2076 genere
888 1976 1027 2075 insigni,
1054 1979 1149 2051 haud
1175 2028 1179 2041 ,

173 2104 201 2140 “
219 2102 369 2174 multum
383 2099 523 2199 triginta
534 2126 644 2174 annos
656 2100 841 2198 egressum,
867 2095 1006 2171 suorum
1022 2098 1150 2184 insidiis

173 2224 201 2261 “
218 2240 377 2296 externas
394 2221 482 2295 inter
499 2242 619 2321 gentes
637 2219 824 2294 occidiffe:
848 2217 906 2291 sed
919 2220 1012 2292 hunc
1026 2219 1150 2292 mitem

172 2345 199 2382 “
217 2367 298 2441 erga
313 2343 460 2434 amicos,
488 2343 670 2416 modicum
688 2341 922 2437 voluptatum,
947 2364 1020 2411 uno
1030 2339 1149 2410 matri-

170 2468 197 2503 “
217 2463 351 2552 monio,
370 2463 471 2535 certis
482 2462 597 2536 liberis
607 2461 734 2560 egiffe:
753 2485 868 2556 neque
880 2458 995 2531 minus
1009 2459 1147 2556 proelia·
1227 2539 1231 2548 s

172 2586 200 2623 “
218 2581 458 2671 tore1n‚etiam
473 2584 495 2653 sr
510 2581 682 2655 temeritas
698 2579 860 2668 abfuerit,
874 2578 1149 2677 praepeditusque

174 2705 202 2740 “
220 2703 258 2771 fit
279 2699 446 2796 perculsas
462 2721 514 2774 tot
530 2702 682 2776 vidonis
697 2700 904 2774 Germanias
919 2699 1055 2773 servitio
1072 2724 1148 2796 pre-

175 2822 202 2860 “
222 2845 327 2893 mere.
372 2821 480 2920 Qrdd
494 2825 516 2895 si
529 2821 619 2895 solus
633 2821 761 2896 arbiter
774 2846 904 2909 rerum,
923 2817 1149 2917 srjure&no·

175 2945 201 2980 “
220 2939 314 3013 mine
326 2942 423 3039 regio
436 2942 560 3033 fuiffet,
588 2941 684 3016 tantd
696 2940 894 3039 promptius
907 2938 1150 3012 adsecuturum

173 3065 201 3102 “
221 3059 368 3158 gloriam
386 3061 531 3152 militiae,
559 3065 728 3159 quantiam
740 3061 935 3151 clementia,
954 3082 1148 3158 temperan-

145 3262 147 3268 .
173 3187 200 3223 “
220 3181 280 3269 tid,
293 3181 413 3253 ceteris
425 3181 525 3254 bonis
536 3181 667 3256 artibus
684 3183 927 3280 praestitifl'et.''
938 3184 1076 3276 Corpus
1087 3206 1147 3251 an·

174 3322 317 3398 tequam
334 3323 555 3391 cremaretur,
582 3305 754 3376 nudatum
774 3304 807 3376 in
826 3303 901 3375 foro
920 3299 1161 3399 Antiochienf

173 3423 273 3510 sium,
302 3420 362 3517 qui
392 3423 488 3495 locus
516 3421 697 3520 sepulturae
714 3424 957 3497 destinabatur.
984 3424 1147 3496 Praetule-

172 3539 260 3614 ritne
273 3541 430 3617 veneficii
444 3544 551 3639 signa,
579 3546 702 3641 pariam
720 3544 891 3618 constitit:
921 3555 1001 3617 nam
1019 3564 1057 3618 ut
1072 3543 1149 3642 quis
1218 3622 1223 3630 ,

172 3660 402 3737 misericordia
413 3661 448 3735 in
462 3663 727 3752 Germanicum,
746 3669 779 3739 δι
794 3664 1002 3763 prasumptd
1014 3662 1148 3763 suspici·
