2738 4710
166 329 214 401 28
410 321 453 394 C.
476 318 717 393 Corinnam
750 318 934 393 Tnc1r1

164 501 336 575 Nonanus
359 495 593 593 opperiendas
618 493 752 569 Tiberii
778 492 938 594 epistolas
952 495 1155 572 clamitave-

165 640 243 694 rat:
270 640 357 688 mox
387 613 560 689 desolatus
599 616 748 690 aliorum
786 613 995 705 disceffione,
1032 614 1154 690 immi

165 755 308 839 nentem
326 739 555 810 neceffitatem
579 734 700 834 sponte
723 735 913 834 praevenit:
944 742 978 810 δι
1003 735 1151 829 Drusus,

165 880 239 931 non
280 855 478 954 exspeslato
520 859 717 956 legatorum
748 858 913 955 regressu,
952 857 1034 955 quia
1060 881 1151 958 prae·

164 974 270 1050 sentia
285 975 362 1050 satis
376 975 615 1069 consederant,
642 978 678 1051 in
694 979 834 1082 Urbem
852 976 962 1050 rediit.

227 1100 367 1173 XXXI.
406 1100 555 1172 lrsonnr
579 1098 698 1196 ferme,
715 1098 851 1189 diebus,
886 1097 1007 1172 iisdem
1043 1103 1149 1173 causis

166 1199 389 1293 Germanicae
430 1219 587 1320 legiones
625 1222 787 1309 turbatae,
843 1217 973 1316 quantd
1017 1219 1147 1316 plures,
1250 1292 1256 1300 ,

92 1358 94 1360 ’
155 1337 263 1411 tanto
276 1339 485 1414 violentius:
512 1346 546 1415 ὃ(
564 1343 693 1442 magns
707 1339 766 1439 spe
780 1337 855 1414 sore
871 1361 911 1413 ut
922 1339 1151 1414 Germanicus

165 1458 279 1534 Caesar
307 1460 494 1560 imperium
522 1462 660 1547 alterius
689 1461 760 1560 pati
783 1460 955 1560 nequiret,
986 1460 1152 1558 daretque

165 1577 199 1654 se
216 1581 427 1681 legionibus,
452 1583 488 1655 vi
515 1582 574 1657 sus
591 1585 715 1658 cunsla
727 1584 909 1657 tradlums.
958 1582 1043 1655 Duo
1056 1575 1172 1678 apud*

164 1701 277 1799 ripam
301 1702 420 1776 Rheni
449 1703 621 1777 exercitus
648 1724 770 1776 erant:
805 1703 862 1777 cui
896 1729 1026 1775 nomen
1053 1700 1151 1800 supe-

146 1819 261 1911 riori,
290 1820 407 1896 subC.
431 1821 513 1895 Silio
531 1823 676 1921 legato;
711 1817 912 1896 inferiorem
940 1827 987 1895 A.
1013 1823 1153 1897 Caecina
1199 1883 1200 1887 ,

138 1944 318 2017 curabat.
369 1943 548 2041 Regimen
577 1940 725 2014 summae
750 1942 798 2014 rei
824 1967 931 2038 penes
967 1945 1151 2017 Germani·

164 2089 261 2154 cum,
290 2062 429 2162 agendo
458 2062 659 2134 -Galliarum
699 2060 813 2134 censui
849 2081 928 2134 tum
962 2061 1150 2136 intentum.

97 2180 101 2187 ’
163 2184 237 2258 Sed.
255 2183 382 2282 quibus
406 2180 507 2254 Silius
531 2183 792 2271 moderabatur,
816 2202 939 2268 mente
967 2181 1149 2282 ambigui,

164 2302 342 2396 fortunam
384 2300 557 2376 seditionis
601 2301 723 2376 alienae
754 2296 1044 2401 speculabantur:
1096 2303 1154 2413 in-

101 2441 104 2447 '
167 2422 301 2499 serioris
329 2422 499 2497 exercitlls
531 2424 629 2497 miles
656 2423 692 2496 in
726 2423 858 2498 rabiem
883 2419 1061 2521 prolapsus
1084 2423 1149 2515 est,
1280 2515 1284 2530 .

166 2565 246 2619 orto
285 2548 335 2619 ab
371 2543 667 2618 unetvicesimanis
690 2543 933 2644 quintanisque
968 2543 1078 2635 initio,
1116 2548 1151 2620 δι
1250 2575 1257 2586 ’

154 2665 280 2738 ‘tradis
298 2663 412 2763 prims
427 2691 570 2763 quoque
586 2665 625 2738 ac
639 2666 800 2740 vicefimfi
811 2665 1011 2766 legionibus
1027 2694 1036 2736 ε
1068 2692 1150 2740 nam

90 2772 98 2780 ’
163 2786 286 2861 iisdem
314 2786 452 2878 aestivis,
482 2785 518 2858 in
552 2786 681 2861 finibus
711 2782 893 2861 Ubiorum
918 2787 1150 2878 habebantur,

123 2946 126 2960 ν
165 2935 228 3007 per
255 2909 384 2999 otium,
411 2929 472 2982 aut
497 2908 587 2982 levia
614 2908 744 2982 munia.
795 2908 909 3007 Igitur
928 2905 1049 2982 audito
1082 2907 1154 2981 fine

165 3030 333 3128 Augusti,
352 3030 538 3103 vernacula
554 3029 758 3120 multitudo,
777 3055 890 3127 nuper
902 3031 980 3102 asto
1000 3018 1037 3099 in
1050 3028 1152 3102 Urbe

165 3150 317 3241 deledlu,
347 3146 493 3222 lasciviae
523 3148 630 3241 sucta,
660 3152 822 3251 laborum
844 3150 1047 3238 intolerans,
1083 3140 1153 3221 im·x
1217 3146 1221 3151 ’

163 3269 259 3362 plere
273 3280 471 3343 ceterorum
496 3270 600 3342 rudes
626 3270 782 3343 animos:
811 3268 990 3343 “renim
1014 3290 1152 3367 tempus

163 3389 282 3481 “quo
308 3387 462 3470 veterani
487 3408 660 3463 maturam
682 3389 889 3479 missionem,
906 3387 1056 3487 juvenes
1084 3390 1150 3461 lar-

93 3526 96 3531 ·
162 3508 192 3546 “
209 3503 310 3599 giora
327 3508 509 3606 stipendia,
536 3509 653 3582 cunei
675 3511 825 3583 modum
848 3506 1063 3582 miseriarum
1087 3530 1150 3578 ex·

162 3627 191 3663 “
206 3621 401 3718 poscerent,
427 3627 662 3733 saevitiamque
685 3628 931 3703 centurionum
948 3603 1150 3701 ulcisceren-

162 3746 190 3783 “
207 3744 304 3814 tur.”
355 3748 441 3820 Non
455 3774 546 3821 unus
569 3750 656 3842 haec,
682 3770 722 3824 ut
745 3746 963 3822 Pannonicas
986 3746 1076 3820 inter
1100 3747 1150 3820 le-
