2834 4732
250 359 297 432 50
443 331 793 404 CConrraurr
843 331 1040 404 Tncrrr

250 507 419 604 pientibus
436 528 520 597 erat,
541 507 600 605 spe
627 512 683 582 vel
701 511 822 583 dolore
844 506 1020 605 accipitur.
1072 511 1230 583 Armini·
1305 544 1308 555 ·

249 654 322 715 urn,
352 625 451 724 super
483 629 619 703 insitam
653 630 872 720 violentiam,
899 650 997 727 rapta
1024 655 1126 718 uxor,
1149 631 1230 705 sub-

240 744 353 844 jestus
370 746 504 822 servitio
533 751 652 825 uxoris
675 772 806 841 uterus,
833 752 1023 824 vecordem
1050 754 1226 849 agebant:

248 867 486 968 volitabatque
516 899 582 969 per.
606 870 813 962 Cheruscos,
845 898 941 944 arma
969 871 1005 943 in
1035 871 1226 971 Segestem,
1298 897 1301 905 ·

247 1015 342 1062 arma
360 991 395 1062 in
412 990 583 1065 Caesarem
603 991 767 1090 poscens:
793 1016 906 1090 neque
936 991 1069 1091 probris
1092 1013 1227 1089 tempe·

246 1116 352 1185 rabat.
394 1119 422 1154 “
444 1113 639 1211 Egregium
656 1110 812 1211 patrem!
845 1124 1018 1211 magnum
1041 1112 1227 1212 imperato-

247 1236 274 1272 “
292 1233 389 1304 reml
433 1231 560 1307 fortem
588 1235 800 1310 exercitum!
838 1260 988 1333 quorum
1017 1254 1069 1306 tot
1106 1260 1229 1307 manus
1292 1252 1296 1320 J

199 1376 203 1386 ·
246 1359 273 1396 “
294 1381 401 1428 unam
432 1356 673 1431 mulierculam
700 1356 891 1430 averterint.¹
921 1408 923 1411 .
966 1357 1040 1430 Sibi
1076 1376 1143 1428 tres
1180 1355 1228 1425 le-

247 1482 275 1518 “
295 1477 430 1574 giones,
477 1478 623 1566 totidem
662 1480 796 1577 legatos
848 1476 1078 1576 procubuiffe.
1144 1477 1231 1548 Non

249 1598 390 1671 “enim
416 1598 449 1672 se
478 1600 687 1697 proditione,
728 1604 845 1698 neque
882 1600 1047 1688 adversbs
1081 1596 1228 1671 feminas

249 1724 276 1761 “
296 1719 470 1815 gravidas,
498 1719 557 1793 sed
584 1723 702 1817 palam
728 1721 895 1806 adversbs
928 1742 1080 1794 armatos
1096 1720 1231 1792 bellum

247 1845 275 1885 “
293 1842 459 1913 trastare:
509 1841 602 1913 cerni
631 1842 747 1914 adhuc
775 1845 1036 1915 Germanorum
1073 1838 1109 1912 in
1142 1838 1231 1912 lucis

247 1949 276 2019 ᾗ(
295 1961 390 2055 figna
418 1964 596 2049 Romana,
631 1987 710 2056 quae
746 1959 812 2033 diis
845 1961 975 2057 patriis
990 1959 1229 2056 suspenderitt

247 2079 419 2150 “coleret
451 2078 606 2176 Segestes
633 2079 761 2152 vislam
791 2078 928 2176 ripam3
965 2078 1124 2151 redderet
1155 2078 1229 2150 filio

160 2245 165 2253 -
246 2204 276 2242 “
294 2195 544 2271 sacerdotium:
579 2199 760 2273 hominem
785 2201 980 2272 Germanos
1030 2222 1228 2294 numquam
1296 2245 1302 2258 ι

231 2327 275 2399 ,“
293 2317 368 2391 satis
386 2318 619 2409 excusaturos,
645 2320 742 2418 qubd
755 2319 844 2393 inter
857 2319 981 2393 Albim
1003 2322 1036 2392 δι
1057 2319 1227 2392 Rhenum

248 2446 277 2489 “
295 2440 424 2538 virgas,
463 2444 496 2514 δι
535 2438 679 2531 secures,
716 2446 749 2516 δι
782 2462 903 2540 togam
925 2437 1088 2513 viderint.
1138 2436 1229 2512 Aliis

248 2566 276 2612 -“
295 2560 471 2660 gentibus,
512 2560 706 2661 ignorantia
736 2561 876 2660 imperii
922 2558 1094 2662 Romani,
1131 2559 1229 2633 inex-

248 2688 277 2723 “
296 2704 391 2779 perta
406 2684 474 2756 elle
490 2675 672 2780 supplicia,
694 2683 807 2757 nescia
825 2683 978 2785 tributa:
1009 2708 1089 2781 quae
1119 2708 1230 2780 quan·

184 2861 186 2865 -
248 2809 277 2848 “
294 2806 342 2878 do
359 2802 532 2898 exuerint,
555 2783 741 2903 inritusque
762 2803 946 2878 discesserit
969 2802 1027 2876 ille
1048 2802 1141 2878 inter·
1163 2803 1229 2875 nu'-

248 2925 391 2998 “mina
416 2925 551 2999 dicatus
576 2908 769 3025 Augustus,
792 2925 850 2999 ille
877 2925 1031 2999 delectus
1052 2922 1229 3014 Tiberius,

249 3052 277 3086 ‘⁴
296 3070 340 3117 ne
370 3044 571 3142 imperitum
595 3045 906 3138 adolescentulum,
952 3071 997 3119 ne
1031 3042 1230 3119 seditiosum

249 3171 277 3208 “
296 3152 498 3238 exercitum*
520 3164 753 3262 pavescerent.
803 3167 837 3241 Si
867 3167 1030 3266 patriam,
1057 3184 1227 3264 parentes,

248 3291 275 3335 “
293 3285 437 3384 antiqua
464 3287 620 3375 mallent,
664 3287 774 3384 quarn
800 3288 978 3377 dominos,
1005 3292 1038 3359 ὅτ
1074 3285 1257 3359 colonias

249 3408 276 3444 “
296 3429 429 3491 novas;
458 3405 660 3480 Arminium
689 3407 805 3504 potiris
829 3408 952 3506 gloriae
980 3432 1020 3479 ac
1046 3406 1227 3495 libertatis,

249 3528 279 3564 “
297 3523 404 3618 quim
430 3527 606 3624 Segestem
636 3525 813 3626 flagitiosa
830 3525 1011 3615 servitutis
1026 3528 1152 3599 ducem
1176 3520 1226 3595 se·

162 3687 164 3695 π
249 3649 278 3696 “
298 3648 519 3742 querentur.'’
