2602 4716
170 327 218 399 80
393 322 435 395 C.
470 316 745 396 Conuenit
780 319 981 400 Tncrrr

171 500 209 573 in
237 495 418 595 planitiem
447 496 588 573 saltibus
604 497 862 596 circumjestam
880 501 1041 574 traxdre:
1068 495 1149 578 dein

170 615 292 706 coorti,
323 621 359 689 δι
377 618 537 716 undique
554 621 648 693 effusi
666 622 812 694 trudunt
824 618 994 710 adversos,
1025 621 1150 697 instant
1215 670 1218 672 -
1251 721 1256 728 h

169 731 387 829 cedentibus,
414 740 645 838 collectosque
663 741 699 813 in
716 744 851 831 orbem,
864 768 947 844 pars
964 747 1146 840 congreffi,

168 858 312 957 quidam
330 860 470 933 eminus
488 864 702 957 proturbant.
752 861 969 951 Cariovalda,
990 862 1053 935 diu
1079 861 1146 937 sus·
1233 895 1238 902 ·

169 983 297 1053 tentatd
319 980 476 1054 hostium
507 977 647 1081 saevitifi,
676 984 833 1055 hortatus
857 980 934 1055 suos
958 1005 997 1056 ut
1024 983 1146 1083 ingru-

169 1122 264 1176 entes
276 1122 431 1174 catervas
450 1104 558 1200 globo
575 1101 782 1200 frangerent,
803 1124 907 1200 atque
924 1103 992 1199 ipse
1009 1104 1047 1183 in,
1060 1107 1147 1180 den-

170 1225 309 1296 fiffimos
326 1223 545 1320 inrumpens,
564 1223 736 1321 congestis
750 1223 825 1295 telis
851 1222 1034 1297 &suffosso
1056 1251 1149 1322 equo
1185 1222 1187 1232 ⁴

170 1343 311 1432 labitur,
325 1370 366 1416 ac
379 1344 482 1418 multi
495 1343 667 1417 nobilium
685 1343 776 1416 circi
794 1372 801 1414 :
833 1364 963 1417 ceteros
990 1345 1043 1417 vis
1075 1345 1148 1435 sua,

169 1485 229 1538 aut
246 1463 379 1561 equites
390 1490 473 1538 cum
486 1463 648 1539 Stertinio
661 1463 880 1562 AEmilioque
893 1463 1148 1557 subvenientes,

170 1583 323 1687 periculo
345 1587 520 1659 exemtlre.
575 1599 578 1605 '

229 1706 312 1799 ΧΠ.
344 1705 487 1779 Cmsnn
530 1706 749 1805 transgressus
782 1705 973 1807 Visurgim,
1018 1705 1149 1782 indicio

172 1823 330 1924 persugae
363 1825 555 1925 cognoscit,
597 1829 812 1902 “delectum
835 1831 880 1902 ab
902 1828 1063 1903 Arminio
1095 1832 1147 1903 lo-

172 1955 297 2020 “cum
328 1975 478 2045 pugnae3
521 1948 719 2020 convenisse
748 1955 782 2021 8(
814 1950 896 2022 alias
919 1951 1074 2023 nationes
1112 1951 1149 2023 in

172 2074 201 2111 “
216 2070 334 2141 filvam
364 2068 512 2141 Herculi
539 2066 679 2161 sacram,
707 2066 912 2163 ausurosque
940 2072 1147 2143 nodurnam
1200 2152 1203 2158 Ι

173 2190 401 2263 “castrorum
415 2187 753 2286 oppugnationem.”
770 2187 904 2260 Habita
922 2187 1028 2260 indici
1042 2191 1177 2280 sides„

172 2315 205 2384 &
235 2313 461 2384 cernebantur
490 2308 610 2407 ignes3
647 2307 882 2407 suggressique
907 2308 1047 2405 propius
1070 2308 1146 2406 spe-

170 2434 340 2507 culatores
366 2429 515 2503 “audiri
547 2429 724 2503 fremitum
758 2453 943 2526 equorum,
969 2427 1145 2503 immensi-

171 2560 200 2597 “
220 2578 289 2651 que
318 2557 351 2625 δι
385 2550 552 2624 inconditi
581 2549 731 2652 agmiqis
765 2549 950 2621 murmur”
976 2538 1146 2625 'attulsre

58 2766 62 2778 ἢ
169 2674 282 2774 Igitur
308 2672 505 2771 propinquo
534 2669 677 2745 summae
704 2669 752 2743 rei
781 2668 991 2761 discrimine,
1022 2674 1147 2768 explo-

167 2797 293 2877 randos
310 2793 463 2868 militum
480 2793 615 2866 animos
632 2812 734 2881 ratus,
747 2818 900 2890 quonam
917 2791 1076 2879 idq-modo
1094 2793 1147 2865 in-

168 2939 373 3013 corruptum
395 2915 496 3004 foret,
525 2913 641 2987 secum
657 2913 835 3011 agitabat:
864 2911 1088 2987 “Tribunos
1113 2920 1146 2989 &

146 3097 153 3122 ,
171 3037 429 3110 “centuriones
449 3037 527 3108 loeta
549 3033 684 3131 saepilrs,
708 3034 816 3131 quitm
839 3055 1017 3129 comperta
1031 3034 1146 3106 nunti-

170 3163 292 3242 “are3
317 3156 521 3228 libertorum
549 3152 682 3257 servilia
707 3154 871 3252 ingenia3
896 3153 1015 3234 amicis
1043 3154 1146 3226 inelle
1255 3231 1257 3233 ‚

169 3275 468 3349 “adulationem:
502 3278 524 3347 fi
552 3274 676 3346 concio
706 3273 863 3366 vocetur,
892 3274 961 3347 illic
989 3301 1144 3373 quoque,

86 3412 98 3495 .'
169 3403 197 3439 “
211 3423 290 3493 quae
309 3395 410 3492 pauci
428 3393 604 3500 incipiant,
629 3395 783 3492 reliquos
806 3395 1022 3492 adstrepere:
1048 3394 1144 3491 peni·

58 3538 62 3556 ⁴
168 3521 264 3585 “tus
287 3513 473 3585 noscendas
496 3533 641 3601 mentes,
669 3516 752 3587 cum
776 3514 891 3587 secreti
926 3519 959 3585 δι
992 3514 1143 3585 incusto-

167 3639 194 3676 “
208 3630 285 3718 diti,
310 3630 397 3703 inter
409 3632 573 3705 militares
598 3634 710 3726 cibos,
732 3633 827 3733 spem
839 3654 897 3708 aut
914 3654 1047 3706 metum
1062 3657 1144 3729 pro-

167 3761 193 3796 “
207 3750 368 3825 ferrent.''
