2512 4696
120 355 185 428 188
383 302 425 426 C
450 344 906 430 Consum-Timr
944 375 948 382 ’

115 527 210 626 qubd
236 527 308 624 ipse
325 530 531 605 creberrimi
548 529 810 629 interrogabat:
841 553 955 626 neque
982 531 1086 606 resel-

28 644 31 651 ’
114 650 192 736 lere,
223 670 282 721 aut
308 651 461 742 eludere,
490 637 662 737 dabatur3
690 677 731 724 ac
747 649 836 747 saepe
854 648 957 722 etiam
974 654 1086 725 confi·

113 767 257 841 tendum
276 791 360 861 erat,
391 796 434 843 ne
451 768 575 843 frustra
593 769 807 868 quaefivilset.
855 769 979 842 Servos
996 795 1085 867 quo·
1118 851 1120 862 s

111 913 179 987 que
220 888 338 980 Silani,
373 911 414 964 ut
442 890 623 964 tormentis
656 890 959 988 interrogarentur,
989 891 1087 962 aslor

112 1009 270 1110 publicus
288 1011 463 1109 mancipio
479 1030 684 1110 acceperat:
708 1012 741 1083 sa
764 1037 808 1084 ne
836 1009 912 1108 quis
934 1011 1085 1083 necessa·
1188 1052 1189 1055 π

109 1132 238 1204 riorum
259 1129 398 1230 juvaret
415 1122 419 1129 ¹
431 1132 696 1231 periclitantem,
727 1127 906 1229 majestatis
938 1129 1086 1204 crimina

110 1250 357 1343 subdebantur,
386 1249 541 1326 vinclum
560 1257 593 1327 &
611 1255 784 1325 necessitas
802 1250 930 1325 filendi.
973 1250 1090 1349 Igitur

113 1370 220 1471 petito
239 1398 430 1470 paucorum
458 1374 596 1448 dierum
628 1360 820 1470 interjedu,
851 1370 1088 1444 defensionem

113 1492 165 1567 sul
189 1492 350 1584 deseruit,
380 1497 464 1568 ausis
496 1497 541 1568 ad
570 1493 737 1568 Caesarem
755 1492 935 1583 codicillis,
962 1491 1092 1590 quibus

24 1715 26 1717 g
113 1614 283 1689 invidiam
312 1622 344 1690 δι
373 1642 489 1713 preces
515 1615 707 1717 miscuerat.

141 1738 330 1810 'LXVllL
357 1738 570 1828 Ttsunrus,
591 1761 669 1835 quae
690 1736 727 1809 in
752 1736 908 1809 Silanum
927 1737 1085 1834 parabat,

115 1855 188 1954 qud
204 1842 398 1930 excusatius
414 1857 476 1930 sub
494 1859 659 1953 exemplo
678 1857 928 1953 acciperentur,
951 1856 1090 1930 libellos

113 1976 186 2048 divi
214 1975 367 2073 Augusti
397 1977 441 2049 de
474 1973 597 2048 Voleso
624 1977 785 2065 Messalfi,
813 1975 964 2073 ejusdem
997 1981 1091 2049 Asrae

114 2092 331 2192 proconsule,
360 2080 562 2190 saslumqbe
587 2093 623 2165 in
651 2117 733 2198 eum
761 2092 1091 2167 senatusconsultum

113 2214 247 2289 recitari
268 2213 380 2312 jubet.
429 2214 526 2285 Tum
545 2210 775 2293 L.,Pisonem
796 2210 999 2285 sententiam
1030 2239 1125 2292 ro-‚
1187 2295 1194 2302 ³

117 2356 198 2435 gat:
227 2333 285 2408 ille
301 2335 452 2408 multum
465 2335 510 2406 de
537 2340 565 2376 “
580 2332 765 2407 clementilt
780 2331 974 2429 Principis”
998 2359 1088 2432 prae-

116 2457 220 2546 satus,
251 2463 279 2499 “
293 2459 384 2554 aqufi
410 2474 514 2552 atque
541 2453 615 2553 igni
640 2453 756 2528 Silano
785 2453 1090 2528 interdicendum''

116 2577 259 2668 censuit,
288 2575 512 2674 “ipsumque
536 2575 573 2649 in
597 2574 742 2649 insulam
760 2578 917 2673 Gyarum
935 2576 1093 2674 relegan-

119 2707 147 2743 “
165 2699 289 2772 dum.”
338 2698 472 2771 Eadem
499 2696 615 2788 ceteri,
642 2696 817 2796 nist-quod
833 2698 900 2770 Cn.
917 2698 1093 2771 Lentulus

118 2829 147 2866 “
163 2818 351 2917 separanda
366 2816 470 2894 Silani
487 2837 641 2892 materna
657 2821 749 2892 bona
768 2818 919 2917 (quippe
940 2820 1005 2892 alia
1031 2845 1093 2917 pa-

120 2950 149 2988 “
168 2960 265 3041 rente
295 2939 419 3038 geniti)
448 2940 694 3037 reddendaque
720 2938 817 3012 fili0'’
848 2938 952 3030 dixit,
982 2941 1093 3013 adnu-

119 3083 198 3138 ente
213 3059 371 3157 Tiberio.
394 3052 462 3133 ¹At
478 3059 661 3145 Cornelius
680 3061 878 3150 Dolabella,
904 3062 990 3157 dum
1007 3063 1094 3134 adu·

118 3184 285 3258 lationem
303 3181 442 3280 longius
457 3177 623 3278 sequitur,
642 3180 815 3278 increpitis
836 3182 878 3254 C.
896 3179 1000 3255 Silani
1016 3205 1093 3253 mo-

33 3350 36 3355 ·
118 3304 227 3393 ribus,
241 3303 391 3392 addidit,
406 3297 445 3343 '⁴‘
462 3327 506 3374 ne
528 3301 605 3398 quis
623 3301 693 3374 vital
712 3300 907 3399 probrosus,
932 3307 964 3375 δι
990 3328 1092 3399 oper-

121 3428 150 3463 “
168 3441 223 3492 tus
240 3422 396 3513 infamis,
416 3420 633 3520 provinciam
650 3420 847 3507 sortiretur3
872 3421 979 3519 idque
993 3421 1092 3494 Prin·
1110 3434 1112 3437 ’

120 3543 149 3582 “
167 3561 249 3632 ceps
266 3541 491 3639 dijudicaret:
522 3567 604 3614 nam
622 3568 643 3614 a
660 3541 796 3641 legibus
812 3542 936 3614 delista
951 3537 1088 3638 puniri:

113 3657 149 3701 “
170 3660 300 3751 quanto
326 3661 403 3737 sore
429 3660 545 3735 mitius
568 3661 603 3734 in
627 3661 732 3758 ipsos,
757 3662 880 3738 melius
906 3660 940 3731 in
966 3656 1091 3750 socios,

120 3776 344 3874 “provideri
369 3806 413 3854 ne
438 3782 676 3877 peccaretur.’'
714 3758 719 3772 ¹
746 3813 748 3816 ·
