2776 4724
1095 327 1158 402 xix·

173 481 354 594 quaestore,
383 490 518 572 inventi
543 490 621 573 sunt
638 498 793 597 quinque
809 489 939 596 priores
963 501 1156 576 Annalium

170 615 266 708 libri,
293 642 383 717 quos
408 617 562 718 Lipsius,
591 618 720 718 aliique
738 619 856 720 postea
880 620 1017 696 meliori
1047 625 1154 722 parti·

168 736 266 811 tione
286 735 345 811 sex
368 763 604 815 numeravere.
655 741 738 816 Hos
763 741 846 816 cum
871 740 1050 838 Pontifex,
1077 743 1154 817 lite·
1220 762 1223 768 ·

167 883 286 933 aarum
313 861 420 936 decus
449 863 482 934 δε
511 863 690 952 columen,
718 887 849 960 magno
878 862 1180 962 quingentorum

169 1004 357 1056 aureorum
380 1006 610 1056 nummorum
628 983 738 1080 pretio
755 982 975 1075 redemiffet,
1005 983 1156 1084 diligen·

169 1119 292 1201 terque
308 1103 502 1195 evolviffet,
528 1129 655 1177 eorum
672 1103 856 1177 leelionern
873 1106 1069 1192 luculentam,
1092 1129 1156 1176 oa-

170 1227 263 1310 riam,
278 1226 400 1317 utilem,
411 1209 686 1324 dr'gnamqueomni
698 1225 824 1296 liberali
835 1227 975 1322 ingenio¹
998 1249 1155 1322 pronun·

156 1344 295 1431 ntiavit3
329 1345 510 1445 voluitque
539 1366 578 1419 ut
601 1342 737 1444 quanti)
767 1343 869 1418 citius
894 1344 968 1419 fieri
997 1346 1107 1443 pollet
1134 1369 1156 1420 a
1218 1369 1222 1375 ·

170 1468 236 1538 situ
254 1471 288 1539 &
301 1466 479 1540 oblivione
495 1465 533 1539 in
549 1468 665 1540 lucem
690 1465 728 1537 δε
746 1465 952 1539 memoriam
968 1465 1154 1540 hominum

170 1583 444 1659 vindicarentur.
473 1588 515 1659 ld
531 1590 626 1660 curae‘
636 1586 887 1659 demandatum
900 1584 1067 1683 Philippo
1083 1586 1151 1658 Ba·

173 1728 353 1797 nonno,
371 1705 517 1805 juniori,
535 1707 738 1781 Academia
756 1711 930 1781 Romanae
947 1708 1150 1804 praeposrto:

172 1823 202 1900 is
227 1826 436 1925 imperatu'm
462 1853 551 1926 opus
569 1854 634 1926 pro
657 1825 840 1901 Pontificis
858 1826 1061 1901 auctoritate
1077 1823 1153 1900 sua·
1173 1824 1177 1833 ‘

108 1996 109 1999 =
171 1971 242 2046 que
266 1948 423 2022 doctum
450 1949 546 2022 haud
578 1947 798 2047 indiligenter
825 1946 978 2052 prastitit
991 1975 1004 2035 ;
1030 1947 1153 2020 inven·
1250 1945 1253 1954 ’

169 2065 290 2167 tosque
314 2068 421 2143 libros
437 2095 482 2142 ex
505 2095 614 2144 manu
642 2066 770 2166 scripto
787 2068 922 2160 codice,
949 2067 1010 2166 qui
1035 2067 1154 2165 postea

169 2185 379 2264 Florentinae
403 2189 652 2265 Mediceorum
680 2188 901 2269 bibliotheca·
929 2187 994 2262 fuit
1021 2187 1177 2277 illatus‚'

168 2328 299 2384 ceteros
316 2335 362 2384 ex
386 2311 569 2384 Puteolani
585 2312 780 2407 recensione
796 2310 906 2384 edidit
927 2314 1055 2384 Romae
1071 2310 1152 2382 Kal.

169 2431 288 2507 Martii
304 2457 399 2506 anno
414 2456 528 2506 moxv
543 2449 571 2504 ².
612 2433 654 2504 ln
668 2429 746 2506 libri
764 2433 847 2521 fine,
867 2429 957 2505 infra
981 2426 1152 2529 gentilitia

170 2551 302 2626 Leonis
315 2554 350 2626 X
368 2551 527 2652 insignia,
549 2549 739 2650 adjeclum,
768 2554 865 2652 quod
882 2551 1040 2628 maximo
1052 2549 1152 2630 Prin2

171 2672 248 2771 cipe
270 2665 500 2748 &literarum
527 2692 720 2771 reparatore
743 2674 919 2774 dignum:
948 2671 1152 2746 “Nomine

169 2800 198 2838 “
217 2794 351 2869 Leonis
377 2795 413 2869 X
438 2796 541 2868 Pont.
570 2796 674 2868 Max.
702 2797 877 2893 proposita
901 2793 978 2867 sunt
1007 2788 1151 2887 praemia

171 2921 200 2958 “
218 2940 288 2988 non
305 2913 492 2989 mediocria
502 2914 555 2988 his
567 2914 628 3014 qui
640 2916 685 2988 ad
703 2938 785 2989 eum
802 2914 907 2987 libros
919 2929 1065 3002 veteres,
1090 2933 1151 2984 ne·

174 3042 204 3079 “
222 3052 293 3136 que
308 3035 470 3108 hadenus
486 3034 595 3110 editos
611 3034 824 3110 attulerint.'’
902 3054 907 3061 ‘

218 3280 229 3312 ¹
250 3275 294 3336 Ex
306 3274 395 3337 literis
407 3275 510 3338 leonis
528 3275 608 3358 Papae
621 3277 663 3349 X,
682 3298 744 3358 qua
765 3276 869 3337 exstant
881 3273 913 3336 in
924 3274 1000 3335 calce
1012 3269 1145 3332 editioni·

175 3376 359 3441 Beroaldinae.
907 3388 909 3400 ’

210 3478 292 3538 ¹01.
314 3477 471 3551 Maittaire,
492 3479 563 3541 Ann.
586 3477 748 3560 Typvgropb.
781 3477 868 3538 Tom.
882 3472 920 3536 V.
944 3488 1015 3556 part.
1030 3494 1058 3535 a.
1081 3488 1144 3554 pag.

171 3597 241 3659 τῃ,
258 3575 411 3640 editionem
424 3581 577 3640 Romanam
593 3580 656 3663 apni
674 3598 750 3658 ¹5¹4
768 3591 910 3640 memorat.
944 3576 1053 3655 Nempe
1065 3575 1149 3652 scrip·

173 3694 218 3740 tot
230 3680 278 3741 ille
299 3680 488 3763 privilegium,
507 3700 524 3738 a
544 3682 636 3739 Leone
654 3680 683 3738 X
696 3681 792 3740 datum
811 3698 883 3741 anno
906 3697 990 3759 ¹5¹4·
1009 3677 1040 3737 in
1052 3673 1148 3735 Taciti
1242 3751 1246 3766 1

172 3779 324 3843 editionem
338 3780 552 3844 transformavit.
872 3769 875 3779 ’

631 3905 707 3976 ba
