2796 4724
372 343 688 414 Aunnnruu
713 338 828 410 Lra.
853 337 918 410 III.
999 295 1006 307 Ι
1069 362 1132 438 ¹7¹

154 523 183 561 “
201 533 297 591 entas
318 512 480 612 epistolas
504 512 607 589 armis
630 513 857 588 cohiberent:
888 505 1046 586 miseram
1074 540 1134 611 pa.

156 644 185 681 “
202 663 280 713 cern
297 638 352 709 vel
372 638 465 710 bello
490 639 580 711 bene
601 633 764 709 mutari.''
813 629 932 705 Tantb
949 630 1136 730 impensius

152 756 189 833 in
221 754 437 860 securitatem
470 750 694 854 compositus,
737 779 852 855 neque
885 751 979 844 loco,
1024 779 1138 853 neque
1219 796 1222 804 ·

150 880 253 952 vultu
270 881 418 971 mutato,
436 876 509 969 sed,
541 899 580 952 ut
596 876 751 966 solitum,
773 901 834 973 per
852 873 930 949 illos
945 873 1019 948 dies
1029 876 1108 984 egit
1125 902 1135 949 ε

150 1000 335 1074 altitudine
361 999 484 1090 animi,
509 1026 555 1074 an
579 1018 796 1097 compererat
822 982 964 1068 modica
985 998 1066 1099 effe,
1102 1002 1136 1071 δι

152 1120 307 1220 vulgatis
331 1120 488 1196 leviora?

92 1297 97 1308 ·
203 1244 321 1317 XLV.
348 1243 528 1316 Inrtnrm
545 1241 660 1332 Silius,
679 1267 762 1315 cum
779 1240 977 1339 legionibus
1002 1239 1138 1313 duabus

154 1362 333 1453 incedens,
353 1346 698 1459 praemissd'auxiliari
715 1389 837 1453 manu,
867 1360 977 1434 vastat
1006 1362 1137 1457 Sequa-

154 1508 283 1557 norum
301 1509 427 1581 pagos,
452 1483 514 1581 qui
531 1483 657 1558 finium
674 1482 837 1573 extremi,
857 1487 890 1555 &
908 1481 1036 1558 AEduis
1053 1506 1138 1553 con-

155 1602 310 1693 termini,
338 1602 493 1703 sociique
508 1604 543 1677 in
560 1604 663 1677 armis
680 1624 789 1676 erant.
838 1605 932 1676 Mox
958 1601 1137 1700 Augusto-¹

154 1725 295 1799 dunum
329 1725 413 1822 petit
443 1751 593 1823 propero
625 1724 779 1825 agmine,
809 1723 1023 1797 certantibus
1049 1723 1140 1796 inter
1200 1801 1207 1808 ‚

154 1845 188 1920 se
204 1825 386 1943 signiferis,
405 1831 574 1922 fremente
591 1845 697 1921 etiam
716 1844 1018 1944 gregariomilite,
1048 1851 1074 1889 “
1094 1871 1139 1918 ne

155 1961 185 2011 ‘'‘
202 1965 333 2041 suetam
350 1967 523 2067 requiem,
547 1994 591 2042 ne
602 1966 877 2066 spatianoslium
896 1965 1136 2064 opperiretur:

155 2093 185 2159 f‘
204 2087 363 2165 viderent
396 2090 507 2162 modo
540 2087 714 2181 adversos,
748 2091 782 2161 δι
815 2087 1070 2186 aspicerentur:
1104 2089 1140 2165 id

142 2206 277 2312 “‘satis
294 2210 339 2283 ad
357 2188 577 2308 uitioriaml’
636 2209 902 2283 Duodecimum
930 2211 1024 2306 apud
1050 2210 1139 2308 lapi-

151 2333 249 2424 dem,
267 2333 440 2424 Sacrovir‚
472 2332 656 2431 copiaeque
674 2318 871 2429 patentibus
887 2330 973 2404 locis
990 2356 1138 2427 apparu·
1178 2378 1189 2418 ,-

152 2453 211 2528 dre
227 2481 246 2526 :·
270 2452 307 2525 in
340 2451 454 2526 fronte
485 2453 644 2526 statuerat
660 2452 817 2543 serratos,
846 2450 884 2525 in
900 2447 1064 2523 coinibus
1082 2476 1140 2524 co·

153 2573 286 2662 hortes,
320 2599 341 2644 a
375 2593 476 2671 tergo
505 2570 704 2648 semermos.
754 2569 831 2670 Ipse
859 2570 948 2645 inter
971 2570 1139 2668 primores
1240 2571 1242 2580 ’

153 2716 248 2789 equo
263 2691 387 2792 insigni
404 2694 512 2786 adire,
536 2720 731 2769 memorare
757 2701 785 2737 “
803 2713 936 2768 veteres
953 2693 1139 2767 Gallorum

155 2818 183 2855 “
202 2812 345 2910 glorias,
372 2841 523 2914 quaeque
553 2816 726 2892 Romanis
752 2808 894 2890 adversa
922 2813 1136 2887 intulissent:
1163 2824 1175 2833 '

71 2963 75 2969 ·
156 2938 185 2975 “
205 2934 314 3030 quam
330 2937 457 3015 decora
473 2936 667 3012 victoribus
686 2938 849 3022 libertas3
885 2935 1019 3034 quantb
1036 2924 1139 3010 'into-

157 3058 186 3099 “
204 3053 371 3127 lerantior
386 3055 528 3131 servitus
544 3057 670 3133 iterum
684 3057 822 3132 vistis?

204 3175 340 3249 XLVI.
366 3177 404 3248 N
408 3202 460 3250 ou
479 3176 540 3252 diu
557 3181 646 3269 haec,
666 3205 730 3253 nec
748 3180 844 3277 apud
857 3181 978 3253 laetos:
1008 3180 1141 3253 etenim

156 3294 417 3393 propinquabat
452 3299 634 3398 legionum
678 3301 794 3375 acies:
829 3300 1068 3400 inconditique
1101 3326 1141 3376 ac

156 3414 295 3492 militiae
310 3416 613 3518 nesciioppidani,
634 3447 749 3520 neque
771 3421 880 3495 oculis
910 3446 1026 3519 neque
1049 3422 1141 3497 auri,
1236 3461 1238 3464 ⁴

98 3561 103 3569 ·
154 3538 221 3611 bus
248 3534 326 3612 satis
344 3544 603 3638 competebant.
653 3544 786 3616 Contra
817 3541 934 3633 Silius,
961 3546 1020 3618 etsr
1050 3570 1139 3641 prae-

152 3656 293 3758 sumpta
309 3658 384 3759 spes
402 3662 565 3736 hortandi
583 3662 696 3738 causas
714 3684 905 3756 exemerat,
939 3665 1141 3756 clamitabat

155 3799 297 3860 tanen:
338 3790 366 3828 “
384 3784 597 3860 Pudendum
629 3783 721 3886 ipsis,
748 3785 845 3887 qudd
875 3787 1141 3864 Germaniarum
