2776 4724
366 350 675 428 Auunaruu
707 351 880 431 Luni.
1079 380 1121 455 ¹3

137 546 206 600 tur.
256 529 285 566 “
299 525 467 598 Abducta
481 524 616 598 Neroni
632 551 722 598 uxor
736 554 746 611 3
771 528 805 597 ὃ(
823 522 967 620 consulti
984 522 1045 624 per
1067 529 1122 602 lu·

139 652 172 694 “
187 644 342 721 dibrium
354 645 551 744 pontifices,
578 673 623 726 an
640 667 825 744 concepto,
849 647 1002 730 necdum
1024 649 1123 725 edito

138 776 168 813 “
185 788 285 866 partu
303 767 366 842 rite
382 771 551 843 nuberet:
576 767 746 867 QTedii
773 771 807 842 &
831 768 935 849 Vedii
954 769 1122 855 Pollionis

139 897 168 940 “
186 893 316 980 luxus:
343 889 515 988 postremo
539 889 646 963 Livia
670 888 782 989 gravis
806 889 843 972 in
868 891 1122 988 rempublicam

138 1019 167 1055 “
184 1031 308 1103 mater,
332 1011 468 1110 gravior
483 1010 605 1085 domui
622 1009 794 1085 Caesarum
811 1035 970 1092 noverca.
1019 1012 1122 1117 Nihil

139 1140 168 1180 “
185 1136 331 1208 deorum
347 1133 536 1206 honoribus
553 1132 726 1221 relictum,
753 1130 835 1207 citm
864 1130 897 1205 se
918 1133 1057 1231 templis
1086 1139 1121 1209 δι
1235 1209 1238 1214 ,

139 1263 167 1300 “
184 1254 301 1355 effigie
317 1255 517 1345 numinum,
548 1279 609 1351 per
626 1250 1040 1334 flamines'&·sacerdotes
1052 1254 1122 1331 coli
1150 1239 1152 1243 ⁵

138 1384 170 1421 “
188 1379 307 1448 vellet.
355 1379 414 1448 Ne
436 1375 621 1449 Tiberium
642 1373 785 1473 quidem
805 1367 958 1467 caritate,
986 1397 1045 1449 aut
1057 1377 1120 1450 rei,

140 1503 172 1541 “
190 1495 340 1595 publicae
369 1501 448 1588 cura
464 1494 685 1570 succefforem
702 1493 870 1570 adscitum
887 1525 895 1567 :
921 1495 979 1568 sed
996 1497 1123 1594 quonia,

141 1625 171 1663 “
188 1645 247 1691 am
276 1617 517 1716 adrogantiam
533 1617 765 1716 saevitiamque
781 1615 851 1715 ejus
868 1614 1121 1713 introspexerit,
1136 1600 1140 1608 ¹

139 1745 171 1783 “
189 1738 447 1836 comparatione
462 1739 643 1814 deterrimi
660 1738 720 1812 fibi
738 1737 884 1837 gloriam
897 1738 1122 1836 quaestvilse.’'

141 1858 287 1934 Etenim
300 1860 492 1960 Augustus,
519 1859 636 1957 paucis
648 1860 727 1932 ante
743 1858 854 1949 annis,
881 1860 964 1932 cum
974 1847 1122 1934 Tiberio

85 1967 87 1978 ¹
138 1980 359 2056 tribuniciam
370 1979 768 2080 potestatemapatribus
779 1980 909 2054 rursum
921 1980 1119 2079 postularet,
1172 1999 1174 2003 ’

137 2111 351 2203 quamquam
379 2104 511 2177 honora
539 2101 706 2194 oratione,
735 2104 898 2201 quaedam
925 2104 970 2176 de
996 2104 1121 2179 habitu
1188 2114 1192 2122 “

134 2345 242 2424 sando
269 2349 505 2444 exprobraret.
550 2406 555 2417 ,

187 2470 254 2543 ΧΙ.
287 2470 486 2542 Caranum
515 2465 690 2565 sepulturi
722 2491 818 2541 more
845 2464 1008 2566 perfecti,
1029 2486 1119 2542 tem·

138 2590 241 2687 plum
273 2592 307 2662 δι
346 2589 492 2664 caelestes
516 2587 702 2688 religiones
718 2590 959 2664 decernuntur.
1009 2588 1121 2663 Verlae

136 2709 219 2787 inde
235 2711 280 2785 ad
292 2710 476 2786 Tiberium
494 2736 622 2808 preces.
674 2713 722 2784 Et
738 2710 797 2784 ille
813 2710 906 2783 varie
922 2711 1118 2799 differebat,

133 2833 180 2905 de
195 2830 441 2931 magnitudine
462 2830 614 2929 imperii,
637 2829 697 2906 sua
723 2830 900 2905 modestia.
951 2837 980 2872 “
1002 2831 1120 2903 Solam

138 2950 261 3021 “divi
299 2953 450 3049 Augusti
478 2973 631 3027 mentem
664 2972 768 3025 tantae
800 2950 903 3023 molis
929 2975 1117 3048 capacem:

139 3075 168 3113 “
186 3066 220 3141 se
236 3068 273 3143 in
290 3088 424 3168 partem
441 3096 598 3146 curarum
614 3076 658 3148 ab
691 3072 752 3147 illo
776 3092 955 3162 vocatum,
982 3073 1118 3171 experi-

137 3198 166 3236 “
184 3190 465 3320 endgdidicille,
485 3193 592 3290 quim
608 3197 771 3287 arduum,
803 3195 910 3293 quim
928 3191 1118 3292 subjeetum
1165 3185 1166 3191 ¹

138 3319 167 3358 “
185 3311 346 3421 fortune,
382 3306 526 3414 regendi
554 3320 680 3390 cuneta
695 3343 808 3390 onus:
841 3314 985 3414 proinde
1010 3315 1048 3388 in
1069 3316 1118 3391 cl·
1148 3300 1155 3313 ⁰

131 3440 165 3507 ‚“
182 3407 358 3512 vitatdtdt
374 3435 570 3512 inlustribus
587 3437 667 3512 viris
684 3436 843 3528 subnixi,
858 3464 928 3512 non
944 3438 989 3511 ad
1006 3465 1119 3513 unum

135 3562 163 3598 “
180 3557 302 3631 omnia
316 3555 484 3647 deferrent
500 3588 510 3644 3
538 3561 652 3656 plures
669 3556 802 3631 facilibs
829 3557 949 3632 munia
977 3559 1118 3658 reipub·

135 3683 164 3721 “
182 3677 257 3752 licae
286 3677 419 3752 sociatis
447 3680 623 3753 laboribus
648 3678 903 3753 exsecuturos.'’
926 3718 930 3759 ;
960 3683 1044 3754 Plus
1081 3680 1124 3768 in

134 3798 288 3884 oratione
304 3798 366 3874 tali
382 3799 575 3902 dignitatis,
594 3802 703 3899 quam
721 3799 802 3876 fidei
820 3821 890 3878 erat
910 3831 920 3876 ε
954 3796 1117 3911 Tiberio*
