2776 4724
1089 289 1139 345 XV

162 438 325 516 lessiones
362 457 500 514 tantum
539 439 713 515 Codicum
752 438 956 539 scriptorum
995 441 1143 517 dissensu

161 563 385 651 aestimamus,
416 563 512 634 nulla
528 561 671 635 varietas
688 562 842 635 sessionis
860 561 923 651 est,
949 561 1031 659 quia
1052 590 1143 638 unus

161 703 298 757 tantum
317 681 463 779 scriptus
492 682 578 756 liber
595 702 700 754 extat.
750 687 802 755 At
828 707 867 755 ea
889 680 959 780 ipsa
976 709 1028 756 res
1046 682 1142 774 facit,

160 809 247 878 sicut
275 804 312 877 in
335 802 411 876 aliis
435 803 543 893 libris,
572 827 723 900 quorum
740 826 851 874 unum
870 823 1003 876 tantum
1021 830 1141 878 exem·

159 924 307 1022 plume
336 944 453 997 vetere
474 948 551 997 aevo
578 922 690 1011 restat,
718 923 815 995 velut
836 922 873 995 in
890 923 1142 1021 Qiinslilianm
1194 994 1201 1008 ,
1253 987 1254 990 ,

159 1046 355 1143 Propertio,
382 1066 420 1118 ut
443 1043 565 1143 saepius
582 1041 724 1141 ingenio
742 1044 798 1115 vel
816 1041 1019 1141 conjesluris
1035 1073 1141 1145 agen·

160 1168 288 1240 dares
318 1169 369 1265 fit,
397 1190 506 1264 quam
535 1164 664 1236 vellent
689 1161 824 1253 Critici,
851 1165 970 1252 multis
998 1167 1034 1239 in
1057 1168 1144 1243 locis

161 1289 257 1363 nulla
272 1308 374 1362 certae
393 1307 451 1358 aut
470 1283 657 1382 probabilis
685 1283 903 1358 correffionis
926 1285 984 1384 spe
1014 1288 1143 1365 reliela.

163 1413 284 1506 Atque
307 1407 415 1479 etiam
441 1405 478 1476 in
505 1403 626 1478 ceteris
651 1388 745 1478 libris
772 1404 888 1478 Taciti
916 1408 1032 1481 multis
1060 1411 1144 1485 locis

164 1526 281 1600 miuus
297 1528 542 1613 laboraremus,
571 1526 594 1598 si
622 1549 693 1598 non
723 1549 767 1597 ex
793 1526 920 1600 eodem
940 1532 1144 1627 apographo

164 1671 287 1719 omnes
314 1645 463 1718 Codices
489 1628 681 1719 fluxissent:
726 1646 824 1743 quod
850 1644 886 1718 ni
916 1647 1011 1739 esset,
1049 1650 1145 1723 haud

165 1768 285 1865 paullo
302 1768 417 1864 plures
441 1765 596 1841 leolionis
613 1766 795 1840 varietates
812 1767 1031 1858 haberemus,
1049 1770 1145 1844 haud

164 1888 281 1985 paullo
299 1886 423 1961 melius
438 1885 637 1960 consultum
655 1887 783 1961 Tacito
808 1890 909 1961 foret.
958 1890 1025 1962 Sed
1049 1891 1145 1966 hunc

152 2012 276 2083 'locum
287 2005 364 2105 jam
380 2006 455 2080 satis
477 2009 661 2082 traslatum
688 2011 967 2106 &explanatum
990 2036 1010 2083 a
1036 2010 1142 2108 pluri·

160 2132 239 2220 bus,
261 2129 312 2202 ,in
348 2126 537 2229 primisque
563 2153 584 2202 a
612 2155 744 2228 magno
772 2129 941 2219 Bentlei0,
979 2130 1014 2204 in
1038 2126 1142 2225 libro,

159 2249 288 2325 Collini
305 2249 488 2324 calumniis
510 2246 672 2323 adversus
687 2250 893 2350 religionem
909 2252 1144 2328 Christianam
1235 2234 1236 2240 ἵ

159 2375 340 2470 oppos1t03
370 2369 566 2465 (Francice,
586 2368 813 2468 Friponnerie
830 2373 966 2472 Laique
983 2401 1018 2472 p.
1042 2378 1141 2471 168.)

161 2493 233 2582 hic,
252 2518 313 2590 per
339 2494 445 2565 talem
473 2495 703 2583 occasionem,
734 2492 884 2568 breviter
912 2493 1079 2593 repetiisse
1107 2502 1142 2572 ὅτ

96 2654 102 2658 ·
158 2612 342 2692 inculcasse
358 2611 528 2702 studiofis,
545 2610 623 2688 satis
640 2612 843 2710 putavimus
859 2615 1034 2690 effe—-

81 2982 84 2987 .
186 2906 486 2984 Excerpuexl’raesat.
507 2908 534 2986 J.
549 2910 586 2970 A.
607 2907 713 2970 Ernesti
726 2908 762 2968 ad
779 2907 859 2972 Edit.
880 2906 960 2970 adam
980 2907 1015 2970 C.
1029 2893 1135 2980 Taciti,
1184 2864 1185 2869 i

165 3027 195 3086 P·
210 3025 354 3085 7-19·
