2776 4724
379 318 688 392 Auum-uu
721 319 835 393 Lru.
864 321 893 393 1.
1091 319 1160 424 39'

151 489 318 580 veterani,
344 491 439 564 haud
462 491 575 568 multo
600 490 676 591 post
699 491 736 563 in
761 488 914 565 Raetiam
934 486 1134 581 mittuntur,

151 610 262 710 specie
303 610 534 717 defendendae
574 610 779 710 provinciae,
824 612 871 683 ob
914 608 1137 684 imminentes

149 734 306 807 Suevos:
335 731 491 808 cete'rltm
506 753 547 807 ut
570 734 801 808 avellerentur
826 716 953 821 castris,
980 712 1136 802 trucibus

149 856 264 929 adhuc
281 879 355 928 non
370 854 486 931 minus
515 844 694 953 asperitate
709 852 869 942 remedii,
896 851 1005 949 quim
1032 847 1137 922 scele-

148 975 193 1050 ris
215 975 394 1050 memoria.
447 975 738 1049 Centurionatum
765 972 847 1044 inde
876 970 948 1069 egit
965 999 974 1043 ε
992 987 996 994 ·
1011 957 1136 1044 citatus

150 1099 195 1172 ab
227 1097 449 1195 imperatore,
495 1120 639 1196 nomen,
671 1093 844 1181 ordinem,
876 1091 1036 1189 patriam,
1072 1119 1136 1165 nu·

149 1245 284 1293 merum
309 1216 573 1315 stipendiorum,
605 1241 683 1314 quae
707 1213 840 1286 strenue
868 1212 904 1291 in
931 1212 1060 1310 proeliis
1085 1212 1136 1285 se·

150 1338 259 1427 ciffet,
295 1337 400 1410 &cui
418 1358 512 1409 erant
529 1338 623 1412 dona
639 1333 813 1423 militaria,
848 1334 995 1406 edebat:
1024 1336 1046 1406 sr
1075 1332 1135 1406 tri-

152 1457 308 1548 buni,.s1
326 1457 433 1554 legio,
468 1456 665 1530 industriam
683 1453 988 1552 innocentiamque
1005 1455 1133 1552 adpro-

153 1581 334 1665 baverant,
365 1576 530 1650 retinebat
555 1576 736 1649 ordinem:
764 1575 827 1649 ubi
856 1574 1049 1663 avaritiam,
1076 1594 1135 1647 aut

152 1697 395 1773 crudelitatem
428 1695 589 1772 consensu
621 1694 894 1801 objeslavislent,
938 1692 1135 1772 solvebatur

152 1820 289 1896 militia.

201 1940 318 2016 XLV.
345 1942 409 2015 Sic
434 1936 669 2016 couroslrrs
694 1939 930 2040 praesentibus,
952 1941 1047 2015 haud
1067 1938 1134 2012 mi.

150 2088 216 2136 nor
237 2065 347 2137 moles
372 2062 556 2162 supererat,
573 2066 621 2138 ob
642 2062 807 2136 ferociam
833 2062 963 2160 quintae
981 2061 1135 2140 &unet-

151 2184 320 2261 vicesima
346 2184 543 2284 legionum,
572 2182 825 2283 sexagesimum
847 2187 940 2281 apud
964 2183 1134 2282 lapidem,

43 2314 48 2323 '
153 2309 250 2403 (loco
268 2308 383 2392 Vetera
405 2331 537 2380 nornen
560 2306 626 2401 est)
655 2304 935 2379 hibernantium:
963 2306 1046 2378 nam
1063 2304 1134 2400 pri·
1220 2308 1225 2315 “

150 2429 200 2502 mi
226 2427 430 2502 seditionem
460 2447 725 2524 coeptaverant3
752 2425 995 2530 atrocissimum
1021 2426 1135 2523 quod·

153 2545 369 2645 que'sacinus
389 2548 516 2621 horum
529 2547 697 2623 manibus
722 2567 916 2644 patratum:
944 2571 1009 2618 nec
1031 2548 1137 2644 poend

153 2667 436 2753 commilitonum
460 2668 629 2758 exterriti,
657 2694 721 2741 nec
743 2667 943 2766 paenitentid
965 2668 1133 2752 conversi,
1217 2748 1222 2757 ,

151 2786 214 2862 iras
237 2789 442 2863 retinebant.
493 2789 605 2888 Igitur
632 2786 742 2862 Caesar
767 2815 876 2877 arma,
903 2789 1055 2872 classem,
1082 2782 1135 2856 so-

151 2906 224 2981 cios
238 2911 419 2987 demittere
437 2912 568 2988 Rheno
587 2930 706 3008 parat:
736 2912 759 2984 si
787 2905 973 3004 imperium
999 2907 1134 2981 detrec-

153 3046 260 3117 tetur,
287 3030 383 3128 bello
400 3049 598 3105 certaturus.

200 3146 337 3222 XLVI.
363 3152 424 3220 Ar
444 3151 747 3227 Rounnondum
760 3149 918 3250 cognito,
945 3149 1006 3249 qui
1023 3146 1135 3221 fuisset

37 3325 40 3344 ι
152 3266 266 3341 exitus
302 3267 338 3341 in
375 3268 528 3365 Illyric0,
554 3270 591 3342 &
631 3271 813 3370 legionum
849 3269 1135 3373 Germanicarum

150 3405 251 3465 motu
276 3388 410 3480 audito,
447 3389 581 3488 trepida
608 3392 729 3466 civitas
757 3390 911 3465 incusare
938 3388 1135 3479 Tiberium,
1187 3372 1190 3390 ⁸

152 3515 180 3584 ‘.‘
195 3507 307 3605 quod,
333 3510 420 3583 dum
436 3532 561 3608 patres,
584 3512 623 3583 de
644 3515 799 3609 plebem,
822 3511 1025 3586 invalida&
1048 3510 1136 3584 iner-

152 3637 179 3672 “
194 3630 277 3721 mia,
304 3631 525 3705 cundatione
554 3633 634 3705 fittt
663 3632 874 3722 ludificetur,
901 3632 1056 3707 dissideat
1084 3631 1137 3703 in-

154 3752 295 3831 “terim
310 3752 424 3845 miles,
450 3777 564 3852 neque
585 3753 739 3831 duorum
761 3751 1029 3833 adolescentium
1050 3776 1137 3830 non-

601 3851 675 3944 D4
