2776 4724
1076 285 1137 360 xiii

160 464 308 564 antiquis
337 462 454 538 libris:
485 465 531 538 de
558 490 644 562 quO,
673 462 781 563 digna
807 449 869 552 est,
899 485 978 560 quae
1007 461 1141 558 legatur
1205 532 1206 539 ,

159 586 332 660 Perizonii
351 584 446 683 praef.
476 584 520 657 ad
546 583 678 658 AEliani
696 585 777 657 Var.
797 583 978 658 Historias.
1030 581 1140 654 Deni-

160 734 229 805 que
245 707 402 805 plerique
418 706 566 779 Codices
583 726 719 777 tantunr
735 703 925 778 Annalium
944 708 977 776 δι
990 701 1141 776 Histori-

158 852 258 901 arum
276 828 379 901 libros
397 827 579 916 exhibent,
611 830 665 920 (ἃ
695 825 729 898 in
748 845 907 897 extremo
933 825 1019 896 alius
1042 823 1141 898 citius
1208 852 1213 863 ·

159 949 282 1020 definit
299 949 386 1040 alio)
406 949 501 1020 velut
518 944 750 1035 FlorentinuS,
769 946 945 1036 Budensrs,
965 944 1140 1032 Vaticani,

159 1069 265 1154 ceteri
289 1070 382 1166 apud
401 1065 738 1154 Montefalconium,
777 1071 810 1138 δι
839 1064 1143 1162 Guelferbytanus.

159 1191 383 1265 Farnefianus
412 1189 570 1262 libellum
595 1188 640 1260 de
667 1186 860 1260 oratoribus
887 1186 1021 1274 habuit,
1048 1182 1143 1257 unde

160 1309 188 1380 is
206 1310 296 1382 liber
314 1311 485 1382 correelus
502 1308 551 1381 est
569 1335 590 1381 a
611 1307 743 1404 Lipsro.
794 1290 962 1379 Sedillud
974 1307 1009 1379 in
1024 1304 1144 1402 primia
1217 1298 1240 1355 ⁶·

94 1432 102 1439 '
160 1428 310 1526 dignum
339 1428 521 1502 observatu
550 1428 612 1516 est,
636 1426 912 1501 animadversum
944 1433 976 1501 ἃ
1005 1427 1041 1499 in
1060 1423 1144 1497 aliis

164 1548 275 1636 libris,
308 1550 414 1645 quod¹
438 1573 559 1647 omnen
585 1546 700 1644 scripti
731 1547 823 1637 libri,
854 1574 873 1620 e
902 1542 1161 1646 quibus‘editi·

163 1668 277 1758 ducti,
307 1688 366 1741 aut
395 1668 455 1765 qui
479 1671 525 1742 ab
554 1668 692 1741 eruditis
717 1667 860 1764 inspedli
878 1666 967 1757 sunt,
999 1693 1044 1739 ex
1072 1690 1145 1738 uno

163 1788 300 1862 Codice
316 1814 437 1861 omnes
466 1780 607 1864 finiere.
659 1775 805 1862 Monuit
821 1789 867 1862 de
883 1814 925 1860 eo
942 1789 1078 1861 dudunt
1105 1787 1140 1880 J.

162 1911 218 1983 Fr.
236 1909 435 1983 Gronovius
448 1910 595 1983 Observ.
613 1911 658 1983 L.
678 1912 739 1983 IV.
758 1937 792 2008 p.
812 1935 870 2006 30.
890 1935 934 1983 ex
953 1911 1031 1981 loco
1045 1905 1143 1982 Hist.

161 2032 209 2120 ll,
228 2034 286 2126 98.
310 2031 372 2103 ubi
389 2056 511 2103 omnes
527 2032 630 2105 MSS.
647 2030 790 2133 pariter,
817 2050 922 2127 atque
951 2028 1009 2102 tali
1037 2022 1145 2100 modo

160 2151 338 2248 depravati
364 2149 454 2238 sunt,
493 2144 531 2224 ui
560 2150 753 2248 planissime
776 2172 952 2246 appareat,
981 2128 1058 2223 earn
1083 2149 1170 2249 de-¹

160 2272 403 2369 pravationem
420 2271 481 2345 uni
495 2272 584 2346 libro
601 2272 732 2344 deberi.
783 2272 854 2345 Sed
874 2272 995 2344 eadem
1014 2295 1065 2343 res
1090 2258 1144 2339 in·
1242 2285 1249 2292 ·

161 2392 332 2491 telligitur
358 2393 463 2466 etiam
493 2417 538 2465 ex
567 2391 642 2465 aliis
676 2390 774 2482 locis,
811 2387 847 2464 in
876 2391 996 2489 primis
1019 2388 1076 2480 iis,
1108 2387 1146 2460 in

163 2511 290 2608 quibus
300 2511 573 2610 transpositiones
593 2512 800 2612 paginarum
819 2511 933 2604 fana,
958 2515 1015 2589 vel
1037 2512 1141 2586 libra·

161 2631 203 2706 rii
228 2633 283 2704 vel
308 2623 500 2731 bibliopegi
517 2633 617 2722 vitiu,
647 2634 682 2706 in
699 2633 831 2707 Codice
861 2633 921 2706 illo
948 2628 1145 2731 antiquiori.

160 2754 256 2826 Nam
274 2734 324 2826 ‹3⁰ae
338 2754 372 2827 in
390 2754 552 2828 omnibus
565 2755 668 2828 Mffi.
683 2754 893 2827 conservatae
912 2755 1146 2848 reperiuntur.

163 2874 209 2942 V.
227 2875 272 2945 ad
293 2876 347 2947 H.
366 2876 433 2967 ΙΙΙ,
461 2899 493 2971 5.
514 2877 592 2971 65.x
625 2876 734 2948 Unde
763 2900 833 2947 non
860 2898 930 2945 una
955 2871 1145 2952 observatio

163 2989 328 3080 nascitur,
361 2994 514 3066 studiofis
560 2995 640 3068 artis
674 2993 813 3070 Criticae
853 2996 1144 3072 commendanda.

163 3114 262 3186 Nam
285 3116 425 3210 primunr
459 3112 540 3186 hinc
569 3115 788 3214 intelligitur,
812 3138 934 3186 omnes
969 3117 1147 3194 varietates

163 3232 368 3322 lediionum,
399 3259 484 3330 quas
501 3261 520 3308 e
537 3235 630 3309 libris
658 3235 788 3333 scriptis
810 3215 944 3308 notatas
962 3236 1145 3331 habemus,

164 3353 300 3452 proprie
315 3355 383 3427 effe
394 3353 572 3428 varietates
590 3357 691 3430 unius
708 3355 877 3453 exempli,
895 3380 966 3426 non
981 3356 1147 3451 plurium,

165 3474 224 3572 qui
250 3500 294 3547 ex
320 3472 391 3570 ipso
415 3479 577 3576 ἀρχετύπῳ
599 3477 779 3549 fluxerint.
829 3476 939 3548 Unde
967 3477 1007 3548 fit
1030 3480 1146 3571 seura·

162 3596 212 3683 do,
236 3613 274 3666 ut
292 3595 455 3670 omnibns
471 3597 665 3687 Codicibus
685 3595 928 3693 comparandis
945 3595 1031 3669 nihil
1052 3599 1152 3672 aliud

112 3707 115 3716 ⁸
164 3715 253 3788 effici
272 3719 385 3814 poffit,
417 3742 525 3814 quam
555 3737 609 3808 ut,
645 3716 730 3814 quid
748 3717 784 3790 in
811 3741 884 3790 uno
907 3715 971 3791 illo
997 3728 1147 3816 apogra-
