2776 4724
169 306 171 313 ’
279 318 417 409 xxxviii
544 337 551 347 ‘

279 494 456 569 Interdum
473 452 590 567 tamen
606 493 652 568 ab
667 517 709 567 ea
719 490 876 584 discedit,
886 492 946 568 sed
954 491 1040 581 vitio
1054 513 1254 593 operarum,
1345 484 1351 489 ⁵

277 634 318 692 ut
341 615 426 706 XII,
459 635 514 689 ra
541 614 722 710 X111,17
745 633 811 687 etc.
829 638 907 712 quae
923 614 961 688 in
978 612 1067 688 notis
1087 615 1254 697 indicavi·
1329 686 1331 689 ,

30 841 32 853 Ι
143 770 150 787 =
276 761 366 812 mus.
423 735 566 834 Igitur
560 730 659 808 facrie
687 734 819 817 Aldina
843 753 970 827 careat,
999 734 1061 834 qui
1089 731 1253 832 Rhenani

151 915 152 922 κ
275 818 463 936 editionem
479 856 619 939 habet.
692 878 695 882 ’

325 977 460 1052 Eadem
476 975 564 1050 ratio
578 932 629 1049 est
646 972 846 1072 Gryphianae,
862 1001 940 1074 quae
956 976 1127 1075 Lugduni
1138 1003 1161 1051 1
1169 1003 1250 1076 543.

276 1097 409 1173 odionis
419 1095 577 1195 prodiit,
610 1094 671 1173 niu
700 1097 801 1195 quod
830 1096 929 1193 plura
955 1121 1142 1194 operarum
1168 1124 1250 1196 pec·¹

163 1249 193 1318 j
278 1239 353 1295 cata
379 1217 525 1301 admisit.
576 1216 717 1304 Additae
740 1237 856 1291 tamen
884 1214 961 1292 sunt
990 1237 1080 1293 notar
1105 1219 1249 1311 Ferreti,
1322 1262 1325 1275 ι

275 1337 488 1438 servatusque
503 1337 698 1435 Thesaurus
712 1338 888 1429 Rhenani,
906 1357 1013 1437 quem
1029 1338 1118 1415 dixi.
1141 1398 1143 1403 2
1166 1342 1251 1415 Hu-

130 1537 131 1543 ,
269 1459 328 1560 jus
345 1458 505 1543 editionis
526 1459 729 1555 exemplum
740 1460 872 1548 habeo,
896 1458 1126 1557 quodtotum
1145 1486 1252 1537 manu

274 1582 434 1679 elegante
449 1578 496 1653 ita
512 1579 706 1663 corredum
717 1577 781 1668 est,
800 1579 851 1652 uti
867 1581 965 1675 prelo
978 1601 1138 1678 paratum
1155 1578 1253 1664 firiffe
1330 1596 1332 1599 ’

211 1686 214 1697 ’
275 1700 443 1785 videatur.
493 1696 601 1797 Cujus
628 1723 669 1781 ea
696 1725 819 1775 manus
842 1700 938 1788 effet,
967 1700 1150 1799 exquirere
1172 1726 1252 1779 ,non

80 1826 91 1853 “
195 1808 197 1812 V
274 1821 386 1920 potui·
435 1818 782 1918 Lipsrana'quidem
798 1818 950 1895 editione
980 1820 1252 1918 posteriorem·

274 1939 381 2016 rediio
408 1938 470 2013 est.
500 1941 614 2031 ,Nam
639 1939 901 2016 emendationes
922 1939 993 2015 fere
1011 1939 1091 2015 sunt
1115 1967 1136 2015 e
1158 1941 1249 2021 notis

273 2058 396 2159 Lipfii,
415 2058 564 2150 Mureti,
590 2058 819 2160 aliorumque.
866 2057 1095 2159 inprimisque
1110 2059 1148 2141 id
1166 2061 1248 2136 licet

272 2180 393 2257 videre
417 2179 455 2255 in
483 2181 637 2280 Dialogo
668 2182 714 2263 de
745 2180 963 2271 Oratoribus,
991 2180 1055 2279 qui
1080 2199 1171 2262 totus
1203 2183 1248 2259 ad

272 2303 477 2402 exemplum
509 2300 715 2401 Lipfianum
744 2300 999 2385 corredtusest.
1059 2306 1154 2376 Ante
1187 2303 1247 2377 Pi·

269 2426 392 2503 chenae
424 2444 541 2499 tamen
569 2423 846 2524 recognitionem
872 2422 1119 2504 correctionem
1147 2423 1246 2505 istam

271 2542 408 2632 fatiam,
420 2547 503 2636 effe,
532 2564 625 2644 patet
642 2568 687 2621 ex
703 2569 759 2634 00,
781 2544 883 2642 quod
900 2543 987 2623 nihil
1009 2544 1249 2622 emendation·
1285 2629 1290 2637 ,

272 2691 334 2741 um
359 2665 534 2751 Pichenae,
557 2665 733 2764 reperitur.
793 2663 905 2754 Novi,
936 2666 971 2738 h.
989 2691 1019 2739 e.
1042 2667 1139 2764 quod
1163 2667 1246 2743 alibi

271 2811 344 2865 non
368 2785 446 2885 jam
476 2789 571 2878 effet,
602 2809 787 2885 perparum
814 2783 935 2883 reperi,
960 2787 1058 2884 quod
1083 2786 1123 2859 in
1155 2787 1248 2867 notis

271 2905 357 3009 meis
383 2908 529 3005 prodere
556 2933 627 2982 non
654 2906 804 3008 neglexi.
853 2905 988 2998 Cetera
1015 2905 1244 3005 Gryphianae,

271 3052 351 3127 quae
388 3049 721 3119 commemorantur,
755 3047 936 3127 quotquot,
965 3048 1047 3105 ante
1087 3028 1247 3128 Lipiium

270 3145 439 3248 prodiere,
466 3148 560 3221 haud
576 3147 694 3222 dubie·
706 3167 842 3224 tantum
858 3148 1011 3250 priorem
1026 3149 1122 3224 illam
1145 3174 1245 3247 repe-

128 3320 131 3324 ·
270 3285 367 3341 tunt:
386 3265 480 3379 unde
495 3290 551 3338 eas
567 3290 639 3340 non
648 3291 863 3367 magnopere
875 3269 1037 3370 requiiivi
1047 3269 1247 3368 :rquaepost

268 3385 470 3483 Lipsranam
486 3389 593 3460 ἔκδοσιν
606 3387 758 3486 vulgata
773 3386 863 3481 sunt,
881 3391 979 3473 velut
989 3389 1140 3464 Antonii
1152 3391 1245 3487 Gry·

196 3560 197 3565 ,
270 3504 342 3605 phii
366 3532 404 3605 a.x
426 3511 528 3605 1584
550 3507 737 3599 duodenis,
755 3534 776 3584 e
791 3509 957 3609 Lipsrapo
973 3511 1139 3607 exemplo
1156 3510 1245 3589 duc.-

269 3648 313 3701 rae
347 3622 434 3700 sunt.
485 3628 649 3705 Ceterum
682 3628 821 3729 quoties
847 3630 885 3707 in
916 3628 1009 3713 notis
1036 3627 1158 3720 nostris
1188 3630 1246 3707 ed.
1324 3737 1327 3740 ὴ
