2760 4718
282 297 353 376 266
476 300 518 372 C.
559 297 824 372 Conunnrr
867 298 1068 386 Tncrrr
1172 394 1174 400 Ι

221 546 225 552 ,
280 486 309 522 “
328 481 373 552 ab
400 475 515 553 senatu
527 503 538 562 ;
569 474 743 549 descivisse
771 477 961 574 populum3
990 476 1101 550 audiri
1116 475 1198 576 jam
1230 484 1270 559 ἃ

281 597 397 695 “legi
424 622 532 670 novas
560 596 757 687 conciones,
786 623 881 670 nova
906 617 1046 694 patrum
1072 600 1265 676 consulta:

283 728 310 777 ‘·‘
328 718 413 819 quid
446 716 635 815 reliquum,
677 717 738 790 nisr
765 737 806 792 ut
834 737 996 815 caperent
1019 717 1180 795 fertum?
1229 727 1269 798 δι

284 847 313 884 “
332 864 481 939 quorum
515 837 684 936 imagines
714 864 777 936 pro
813 838 949 940 uexillis
984 837 1107 915 secuti'
1127 839 1270 935 forent,

282 968 311 1006 “
329 961 434 1034 duces
445 956 739 1057 imperatoresque
759 959 999 1057 deligerent?’'

331 1083 375 1152 V.
405 1081 545 1151 lorrun
563 1078 688 1168 Caesar,
718 1079 869 1176 repetitis
886 1080 1072 1155 adversum
1096 1102 1269 1179 nepotem

282 1207 316 1285 δι
334 1226 462 1274 nurum
479 1196 626 1296 probris,
643 1198 877 1303 increpitsque
895 1226 957 1299 per
974 1200 1126 1276 edictum
1144 1205 1266 1298 plebe,

282 1320 421 1420 questus
437 1320 530 1417 apud
542 1340 669 1419 patres,
695 1328 723 1363 “
738 1319 835 1419 quod
851 1320 970 1395 fraude
985 1322 1086 1410 unius
1103 1320 1268 1398 senatoris

284 1448 312 1485 “
329 1440 551 1536 imperatoria
567 1438 719 1538 majestas
735 1440 826 1516 elusa
847 1443 986 1539 publice
1009 1442 1108 1533 soret,
1126 1443 1268 1542 integra

246 1561 251 1569 ’
286 1568 449 1634 “tamen
475 1560 535 1634 fibi
561 1561 710 1656 cuneta'
734 1562 940 1659 postulavit:
970 1589 1034 1637 nec
1062 1564 1150 1637 ultrd
1172 1563 1263 1637 deli-

284 1683 454 1770 beratum,
493 1679 694 1777 quominus,
732 1709 804 1760 non
837 1685 982 1783 quidem
1013 1705 1165 1759 extrema
1198 1685 1265 1759 de·

284 1820 474 1891 cernerent,
499 1799 537 1872 id
559 1800 650 1873 enim
668 1800 832 1892 vetitum,
856 1802 914 1877 sed
941 1811 1121 1901 “paratos
1144 1805 1189 1877 ad
1205 1806 1264 1878 ul-
1344 1872 1349 1881 .

287 1929 315 1966 “
333 1922 465 1995 tionem
482 1920 517 1993 vi
535 1920 700 2019 principis
718 1922 902 2021 impediri''
926 1925 1140 1999 testarentur.
1154 1904 1167 1996 i.
1187 1976 1225 1998 ..

333 2043 396 2113 Vl.
421 2045 623 2138 anruon
649 2043 937 2141 &quadraginta
964 2045 1134 2118 orationes
1160 2043 1265 2142 super

285 2161 326 2234 es
343 2184 377 2233 re
393 2159 534 2251 habitae,
553 2185 598 2234 ex
615 2163 695 2259 quls
710 2165 757 2235 ob
773 2183 905 2236 metum
917 2189 1049 2257 pauca,
1067 2165 1182 2259 plures
1197 2168 1264 2238 ad.

286 2279 477 2371 suetudine,
496 2335 506 2354 .
525 2334 534 2353 .
553 2332 563 2351 .
583 2336 592 2356 .
619 2288 647 2326 “
666 2282 752 2357 mihi
773 2283 954 2380 pudorem,
967 2301 1040 2355 aut
1064 2277 1185 2377 Sejano
1203 2281 1261 2354 in·
1294 2340 1296 2342 .

289 2408 318 2446 “
333 2401 464 2477 vidiam
486 2404 682 2477 adlaturum
703 2402 842 2478 censui.
860 2457 893 2476 ..
912 2457 920 2476 .
938 2401 1031 2475 versa
1044 2401 1092 2476 est
1106 2399 1261 2493 fortuna,

256 2503 259 2515 Ι
288 2529 316 2566 “
336 2523 440 2598 &ille
454 2523 612 2624 quidem,
638 2523 700 2621 qui
722 2526 895 2624 collegam
913 2528 946 2597 δι
964 2548 1132 2624 generum
1153 2522 1262 2598 adsci-

248 2691 252 2699 ·
288 2651 317 2688 “
334 2639 442 2733 verat,
468 2643 528 2723 srbi
550 2642 716 2742 ignoscit:
748 2644 865 2735 ceteri,
885 2669 991 2742 quem
1009 2670 1071 2742 per
1093 2643 1264 2718 dedecora

290 2771 318 2807 “
331 2762 463 2854 sordre,
488 2790 571 2838 cum
584 2763 709 2858 scelere
726 2754 931 2840 infestantur
948 2819 958 2838 .
975 2818 984 2837 .
1003 2818 1012 2838 .
1031 2819 1040 2838 .
1058 2764 1208 2841 miserius
1225 2769 1264 2840 fit
1337 2862 1339 2865 Ι

290 2893 317 2930 “
335 2887 383 2959 ob
415 2883 603 2958 amicitiam
636 2883 798 2974 accusari,
827 2910 871 2957 an
905 2884 1057 2958 amicum
1089 2885 1261 2976 accusare,
1371 2867 1376 2873 ¹

289 3006 429 3078 “haud
457 3003 712 3078 discreverim.
739 3057 748 3074 .
775 3057 784 3077 .
809 3029 882 3079 non
907 3007 1158 3095 crudelitatem,
1192 3032 1265 3079 non

288 3133 316 3170 “
336 3122 553 3200 clementiam
587 3121 788 3222 cujusquam
819 3124 988 3222 experiar,
1011 3108 1082 3201 ‘sed
1110 3127 1197 3200 liber
1228 3130 1263 3203 &

289 3255 316 3290 “
335 3245 420 3321 mihi
442 3245 501 3342 ipsi
524 3246 685 3342 probatus
700 3244 839 3318 anteibo
857 3245 1061 3342 periculum.
1110 3248 1183 3320 Vos
1199 3249 1264 3321 ob·

290 3374 317 3413 “
336 3367 463 3458 testor,
475 3391 519 3440 ne
532 3364 737 3440 memoriam
755 3364 859 3438 nostrl
878 3391 939 3463 per
956 3391 1138 3440 maerorem
1155 3367 1265 3465 quam

290 3490 320 3534 ⁴¹
337 3485 406 3558 laeti
430 3486 614 3578 retineatis,
639 3484 835 3584 adjiciendo
863 3511 921 3559 me
947 3511 1089 3585 quoque
1117 3485 1171 3579 iis,
1200 3484 1264 3593 qui

291 3609 319 3656 rr
338 3603 407 3686 fine
418 3606 562 3713 egregio
579 3592 720 3713 publica
733 3607 822 3684 mala
839 3607 1069 3714 effugerunt·''
