2676 4732
240 366 310 439 312
466 338 1044 413 C.Conur1.11T'rtc1rt

235 535 424 605 verterent,
450 518 646 590 metuebat:
671 514 805 614 quippe
825 514 876 588 illi
903 541 974 588 non
993 516 1141 613 perinde
1159 543 1223 593 cu·

179 644 182 656 ’
235 664 283 711 1ae
320 637 429 737 gratia
455 636 687 735 praesentium,
706 636 813 734 quim
830 635 868 708 in
885 637 1039 734 posteros
1061 638 1224 713 ambitio.

154 783 158 793 ‘
177 844 178 847 Ἴ
238 761 334 832 Mox
351 757 502 833 incertus
518 758 640 849 animi,
659 758 741 832 fesso
758 782 917 854 corpore,
940 757 1139 850 confilium,
1165 759 1223 833 cui

178 891 182 897 ’
238 877 357 976 impar
376 900 459 976 erat,
482 877 555 952 sato
580 879 754 977 permifit:
773 876 878 976 jactis
907 900 1024 951 tamen
1056 880 1222 971 vocibus,

239 1025 302 1098 per
319 1025 405 1096 quas
421 999 670 1097 intelligeretur
687 998 858 1095 providus
875 995 1081 1071 futurorum.
1104 1001 1222 1074 Nam·

238 1145 310 1218 que
324 1117 506 1208 Macroni,
524 1145 598 1191 non
614 1119 734 1194 abdita
755 1122 919 1217 ambage,
947 1118 1222 1195 “Occidentem

238 1241 329 1312 “ab
362 1261 406 1311 eo
436 1236 558 1322 deseri,
583 1238 768 1313 Orientem
791 1239 960 1338 spellati''
984 1243 1222 1337 exprobravit.

237 1360 287 1435 Et
301 1361 345 1432 C.
362 1356 501 1448 Caesari,
528 1356 616 1432 forte
641 1381 722 1434 orto
746 1360 916 1450 sermone,
941 1362 989 1433 L.
1012 1360 1145 1434 Sullam
1166 1362 1221 1434 in·

238 1480 381 1571 ridenti,
408 1486 436 1522 “
450 1479 697 1555 omniaSullae
716 1482 814 1572 vitia,
841 1487 875 1556 ἃ
904 1484 1039 1556 nullam
1068 1480 1219 1580 ejusdem

238 1602 456 1676 “virtutem
483 1601 714 1676 habiturum''
740 1601 930 1702 praedixit:
963 1606 1063 1678 fimul
1087 1607 1218 1679 crebris

239 1750 324 1799 cum
341 1722 492 1798 lacrimis
511 1722 687 1798 minorem
712 1750 758 1798 ex
782 1724 968 1823 nepotibus
994 1726 1216 1822 complexus,

240 1845 330 1920 truci
358 1843 498 1920 alterius
524 1846 651 1919 vultu:
680 1853 708 1889 “
725 1846 865 1920 occides
880 1847 973 1920 hunc
989 1848 1070 1937 tu,''
1092 1847 1218 1945 iuquit,

154 2009 157 2028 ·
241 1975 269 2011 “
288 1973 323 2042 δι
340 1987 374 2041 te
390 1965 515 2040 alius.’'
564 1968 633 2042 Sed
650 1967 867 2067 gravescente
894 1967 1109 2058 valetudine,
1133 1968 1220 2042 nihil

238 2113 260 2160 e
282 2086 486 2162 libidinibus
508 2087 707 2179 omittebat,
719 2089 766 2176 ¹‚in
782 2088 946 2185 patientia
962 2068 1219 2164 firmitudinem

239 2207 427 2294 stmulans3
462 2204 659 2308 solitusque.
683 2209 831 2280 eludere
860 2207 1083 2282 medicorum
1111 2231 1219 2302 artes,

239 2351 348 2428 atque
363 2355 439 2421 eos,
464 2327 526 2427 qui
542 2329 621 2425 post
645 2326 854 2401 tricefimum
869 2324 976 2399 atatis
997 2351 1150 2418 annum,
1172 2320 1222 2403 ad

240 2450 504 2558 internoscenda
527 2448 663 2548 corpori
681 2447 741 2523 suo
761 2446 875 2540 utilia,
896 2448 954 2521 vel
975 2446 1096 2540 noxia,
1118 2449 1221 2523 alieni

238 2572 372 2648 consilii
395 2570 606 2670 indigerent.
795 2620 797 2622 -

289 2692 442 2769 XLVII.
483 2694 660 2774 lucarum
691 2695 821 2766 Romae
853 2691 974 2766 futuris
1003 2689 1109 2764 etiam
1142 2690 1218 2788 post

237 2815 425 2895 Tiberium
439 2811 596 2889 caedibus
609 2811 741 2886 semina
749 2810 981 2909 jaciebantur.
997 2810 1130 2886 Laelius
1141 2813 1219 2885 Bal·

134 3034 136 3040 Α
238 2942 307 3014 bus
333 2935 514 3025 Acutiam,
531 2935 572 3007 P.
594 2930 728 3006 Vitellii
746 2935 926 3032 quondam
955 2959 1117 3026 uxorem,
1145 2959 1219 3007 ma·

234 3058 365 3163 jestatis
382 3056 638 3156 postulaverat:
669 3056 741 3152 qual
766 3055 944 3147 damnata,
971 3057 1054 3130 cum
1080 3054 1219 3154 praemi-

116 3172 119 3176 ⁸
240 3209 305 3260 um
331 3175 519 3255 accusatori
545 3176 801 3269 decerneretur,
831 3177 957 3275 Junius
972 3179 1085 3266 Otho,
1110 3177 1220 3250 tribu·

239 3331 306 3381 nus
321 3299 452 3401 plebei,
464 3298 644 3373 intercessu
659 3327 669 3372 ι
683 3299 791 3387 ‚unde
806 3298 876 3373 illis
892 3299 987 3390 odia,
1004 3323 1092 3372 mox
1102 3299 1218 3371 Otho-

239 3427 278 3499 ni
298 3420 470 3499 exsilium.
518 3417 614 3497 Dein
646 3421 839 3494 multorum
870 3420 1046 3494 amoribus
1092 3415 1220 3493 famosa

242 3543 436 3633 Albucilla,
463 3540 521 3617 cui
539 3539 804 3616 matrimonium
821 3564 903 3614 cum
921 3539 1032 3614 Satrio
1043 3539 1215 3626 Secundo,

240 3647 486 3761 conjurationis
530 3661 660 3750 indice,
688 3659 813 3751 suerat,
846 3658 1001 3735 defertur
1031 3655 1218 3755 impietatis

240 3787 279 3868 in
294 3779 516 3881 Principemr
535 3782 829 3865 comedebantur
845 3801 886 3857 ut
903 3780 1044 3875 conscii,
1064 3783 1097 3855 ὅ(
1114 3776 1218 3854 adul·
