<?xml version="1.0" encoding="UTF-8"?>
<!DOCTYPE html PUBLIC "-//W3C//DTD XHTML 1.0 Transitional//EN"
    "http://www.w3.org/TR/xhtml1/DTD/xhtml1-transitional.dtd">
<html xmlns="http://www.w3.org/1999/xhtml" xml:lang="en" lang="en">
 <head>
  <title>
</title>
<meta http-equiv="Content-Type" content="text/html;charset=utf-8" />
  <meta name='ocr-system' content='tesseract 3.04.00' />
  <meta name='ocr-capabilities' content='ocr_page ocr_carea ocr_par ocr_line ocrx_word'/>
</head>
<body>
  <div class='ocr_page' id='page_1' title='image "./ccorneliitaciti00freigoog_0240.png"; bbox 0 0 2796 4724; ppageno 0'>
   <div class='ocr_carea' id='block_1_1' title="bbox 227 272 1235 429">
    <p class='ocr_par' dir='ltr' id='par_1_1' title="bbox 227 272 1235 429">
     <span class='ocr_line' id='line_1_1' title="bbox 227 272 1235 429; baseline -0.001 -24"><span class='ocrx_word' id='word_1_1' title='bbox 227 272 242 293; x_wconf 35' lang='lat'><strong>⁹</strong></span> <span class='ocrx_word' id='word_1_2' title='bbox 310 335 613 405; x_wconf 74' lang='lat' dir='ltr'>Aurnt&#39;run</span> <span class='ocrx_word' id='word_1_3' title='bbox 644 331 757 404; x_wconf 78' lang='lat' dir='ltr'>Lrn.</span> <span class='ocrx_word' id='word_1_4' title='bbox 794 329 857 404; x_wconf 87' lang='grc' dir='ltr'><strong>ΙΙΙ.</strong></span> <span class='ocrx_word' id='word_1_5' title='bbox 1040 333 1112 429; x_wconf 83' lang='lat' dir='ltr'>-r89</span> <span class='ocrx_word' id='word_1_6' title='bbox 1164 287 1167 295; x_wconf 20' lang='lat' dir='ltr'>l</span> <span class='ocrx_word' id='word_1_7' title='bbox 1229 397 1235 405; x_wconf 29' lang='lat' dir='ltr'><em>J</em></span> 
     </span>
    </p>
   </div>
   <div class='ocr_carea' id='block_1_2' title="bbox 103 505 1164 2776">
    <p class='ocr_par' dir='ltr' id='par_1_2' title="bbox 133 505 1164 1450">
     <span class='ocr_line' id='line_1_2' title="bbox 187 505 1113 613; baseline -0.001 -30"><span class='ocrx_word' id='word_1_8' title='bbox 187 509 323 583; x_wconf 87' lang='lat' dir='ltr'><strong>LXIX.</strong></span> <span class='ocrx_word' id='word_1_9' title='bbox 338 514 560 613; x_wconf 79' lang='lat' dir='ltr'>onensuu</span> <span class='ocrx_word' id='word_1_10' title='bbox 578 533 657 606; x_wconf 87' lang='lat' dir='ltr'>quae</span> <span class='ocrx_word' id='word_1_11' title='bbox 668 507 821 582; x_wconf 70' lang='lat' dir='ltr'>disseruit</span> <span class='ocrx_word' id='word_1_12' title='bbox 835 505 965 582; x_wconf 88' lang='lat' dir='ltr'>Caesar:</span> <span class='ocrx_word' id='word_1_13' title='bbox 986 515 1012 550; x_wconf 90' lang='lat'><strong>“</strong></span> <span class='ocrx_word' id='word_1_14' title='bbox 1028 511 1113 582; x_wconf 89' lang='lat' dir='ltr'>Non</span> 
     </span>
     <span class='ocr_line' id='line_1_3' title="bbox 137 611 1112 728; baseline -0.001 -25"><span class='ocrx_word' id='word_1_15' title='bbox 137 636 168 672; x_wconf 85' lang='lat'><strong>“</strong></span> <span class='ocrx_word' id='word_1_16' title='bbox 185 629 329 728; x_wconf 89' lang='lat' dir='ltr'>quidem</span> <span class='ocrx_word' id='word_1_17' title='bbox 347 629 407 703; x_wconf 89' lang='lat' dir='ltr'>fibi</span> <span class='ocrx_word' id='word_1_18' title='bbox 424 629 562 728; x_wconf 84' lang='lat' dir='ltr'>ignara,</span> <span class='ocrx_word' id='word_1_19' title='bbox 590 619 672 727; x_wconf 61' lang='lat' dir='ltr'>quae</span> <span class='ocrx_word' id='word_1_20' title='bbox 698 630 744 702; x_wconf 90' lang='lat' dir='ltr'>de</span> <span class='ocrx_word' id='word_1_21' title='bbox 773 629 889 702; x_wconf 84' lang='lat' dir='ltr'>Silano</span> <span class='ocrx_word' id='word_1_22' title='bbox 915 611 1112 726; x_wconf 85' lang='lat' dir='ltr'>vulgaban-</span> 
     </span>
     <span class='ocr_line' id='line_1_4' title="bbox 137 750 1113 840; baseline -0.001 -16"><span class='ocrx_word' id='word_1_23' title='bbox 137 759 167 794; x_wconf 88' lang='lat'><strong>“</strong></span> <span class='ocrx_word' id='word_1_24' title='bbox 184 771 253 840; x_wconf 90' lang='lat' dir='ltr'>tur,</span> <span class='ocrx_word' id='word_1_25' title='bbox 277 750 334 823; x_wconf 91' lang='lat' dir='ltr'>sed</span> <span class='ocrx_word' id='word_1_26' title='bbox 362 777 434 824; x_wconf 91' lang='lat' dir='ltr'>non</span> <span class='ocrx_word' id='word_1_27' title='bbox 459 757 507 825; x_wconf 78' lang='lat' dir='ltr'>&#39;ex</span> <span class='ocrx_word' id='word_1_28' title='bbox 536 753 676 823; x_wconf 88' lang='lat' dir='ltr'>rumore</span> <span class='ocrx_word' id='word_1_29' title='bbox 704 750 952 824; x_wconf 83' lang='lat' dir='ltr'>statuendum:</span> <span class='ocrx_word' id='word_1_30' title='bbox 984 750 1113 823; x_wconf 74' lang='lat' dir='ltr'>multos</span> 
     </span>
     <span class='ocr_line' id='line_1_5' title="bbox 136 854 1113 969; baseline 0 -25"><span class='ocrx_word' id='word_1_31' title='bbox 136 872 219 944; x_wconf 89' lang='lat' dir='ltr'>“in</span> <span class='ocrx_word' id='word_1_32' title='bbox 237 871 575 968; x_wconf 74' lang='lat' dir='ltr'>provinciiscontra,</span> <span class='ocrx_word' id='word_1_33' title='bbox 606 871 715 969; x_wconf 68' lang='lat' dir='ltr'>quam</span> <span class='ocrx_word' id='word_1_34' title='bbox 740 868 812 968; x_wconf 85' lang='lat' dir='ltr'>spes</span> <span class='ocrx_word' id='word_1_35' title='bbox 845 889 903 942; x_wconf 92' lang='lat' dir='ltr'>aut</span> <span class='ocrx_word' id='word_1_36' title='bbox 926 854 1113 944; x_wconf 63' lang='lat' dir='ltr'>metusne</span> 
     </span>
     <span class='ocr_line' id='line_1_6' title="bbox 136 982 1112 1091; baseline 0 -26"><span class='ocrx_word' id='word_1_37' title='bbox 136 1000 164 1035; x_wconf 90' lang='lat'><strong><em>“</em></strong></span> <span class='ocrx_word' id='word_1_38' title='bbox 183 992 248 1065; x_wconf 92' lang='lat' dir='ltr'>illis</span> <span class='ocrx_word' id='word_1_39' title='bbox 262 991 377 1082; x_wconf 85' lang='lat' dir='ltr'>fuerit,</span> <span class='ocrx_word' id='word_1_40' title='bbox 391 992 496 1091; x_wconf 85' lang='lat' dir='ltr'>egisse</span> <span class='ocrx_word' id='word_1_41' title='bbox 510 1019 519 1064; x_wconf 80' lang='lat' dir='ltr'>t</span> <span class='ocrx_word' id='word_1_42' title='bbox 544 989 688 1065; x_wconf 87' lang='lat' dir='ltr'>excitari</span> <span class='ocrx_word' id='word_1_43' title='bbox 705 982 874 1089; x_wconf 89' lang='lat' dir='ltr'>quosdam</span> <span class='ocrx_word' id='word_1_44' title='bbox 890 992 936 1063; x_wconf 84' lang='lat' dir='ltr'>ad</span> <span class='ocrx_word' id='word_1_45' title='bbox 954 991 1112 1082; x_wconf 87' lang='lat' dir='ltr'>meliora,</span> 
     </span>
     <span class='ocr_line' id='line_1_7' title="bbox 136 1094 1164 1211; baseline 0 -26"><span class='ocrx_word' id='word_1_46' title='bbox 136 1112 424 1211; x_wconf 85' lang='lat' dir='ltr'>“magnitudine</span> <span class='ocrx_word' id='word_1_47' title='bbox 462 1137 600 1197; x_wconf 83' lang='lat' dir='ltr'>retum3</span> <span class='ocrx_word' id='word_1_48' title='bbox 636 1109 818 1184; x_wconf 83' lang='lat' dir='ltr'><strong>hebescere</strong></span> <span class='ocrx_word' id='word_1_49' title='bbox 846 1109 957 1183; x_wconf 87' lang='lat' dir='ltr'>alios:</span> <span class='ocrx_word' id='word_1_50' title='bbox 999 1137 1113 1210; x_wconf 89' lang='lat' dir='ltr'>neque</span> <span class='ocrx_word' id='word_1_51' title='bbox 1160 1094 1164 1099; x_wconf 23' lang='lat'>³</span> 
     </span>
     <span class='ocr_line' id='line_1_8' title="bbox 135 1223 1110 1331; baseline 0 -24"><span class='ocrx_word' id='word_1_52' title='bbox 135 1223 277 1331; x_wconf 81' lang='lat' dir='ltr'>“polle</span> <span class='ocrx_word' id='word_1_53' title='bbox 304 1232 504 1330; x_wconf 88' lang='lat' dir='ltr'>Principem</span> <span class='ocrx_word' id='word_1_54' title='bbox 525 1231 590 1306; x_wconf 70' lang='lat' dir='ltr'>»sud</span> <span class='ocrx_word' id='word_1_55' title='bbox 606 1227 744 1304; x_wconf 71' lang='lat' dir='ltr'>scientia</span> <span class='ocrx_word' id='word_1_56' title='bbox 760 1231 885 1305; x_wconf 71' lang='lat' dir='ltr'>cunda</span> <span class='ocrx_word' id='word_1_57' title='bbox 909 1232 1110 1328; x_wconf 73' lang='lat' dir='ltr'>compledli,</span> 
     </span>
     <span class='ocr_line' id='line_1_9' title="bbox 133 1351 1111 1450; baseline 0 -24"><span class='ocrx_word' id='word_1_58' title='bbox 133 1361 299 1450; x_wconf 83' lang='lat' dir='ltr'>“neque</span> <span class='ocrx_word' id='word_1_59' title='bbox 327 1352 506 1450; x_wconf 85' lang='lat' dir='ltr'>expedire,</span> <span class='ocrx_word' id='word_1_60' title='bbox 531 1373 570 1425; x_wconf 92' lang='lat' dir='ltr'>ut</span> <span class='ocrx_word' id='word_1_61' title='bbox 598 1351 789 1425; x_wconf 86' lang='lat' dir='ltr'>ambitione</span> <span class='ocrx_word' id='word_1_62' title='bbox 812 1353 922 1426; x_wconf 76' lang='lat' dir='ltr'>aliend</span> <span class='ocrx_word' id='word_1_63' title='bbox 950 1354 1111 1426; x_wconf 86' lang='lat' dir='ltr'>trahatur.</span> 
     </span>
    </p>

    <p class='ocr_par' dir='ltr' id='par_1_3' title="bbox 103 1455 1160 2776">
     <span class='ocr_line' id='line_1_10' title="bbox 103 1455 1160 1571; baseline 0.002 -26"><span class='ocrx_word' id='word_1_64' title='bbox 103 1489 107 1506; x_wconf 80' lang='grc'><strong>“</strong></span> <span class='ocrx_word' id='word_1_65' title='bbox 136 1481 165 1517; x_wconf 87' lang='grc'>“</span> <span class='ocrx_word' id='word_1_66' title='bbox 185 1474 270 1552; x_wconf 88' lang='lat' dir='ltr'>Ideo</span> <span class='ocrx_word' id='word_1_67' title='bbox 287 1475 379 1571; x_wconf 86' lang='lat' dir='ltr'>leges</span> <span class='ocrx_word' id='word_1_68' title='bbox 396 1472 432 1545; x_wconf 91' lang='lat' dir='ltr'>in</span> <span class='ocrx_word' id='word_1_69' title='bbox 448 1471 538 1545; x_wconf 73' lang='lat' dir='ltr'>faeta</span> <span class='ocrx_word' id='word_1_70' title='bbox 553 1472 731 1562; x_wconf 84' lang='lat' dir='ltr'>constitui,</span> <span class='ocrx_word' id='word_1_71' title='bbox 759 1473 841 1571; x_wconf 89' lang='lat' dir='ltr'>quia</span> <span class='ocrx_word' id='word_1_72' title='bbox 869 1473 982 1547; x_wconf 86' lang='lat' dir='ltr'>futura</span> <span class='ocrx_word' id='word_1_73' title='bbox 997 1474 1033 1546; x_wconf 90' lang='lat' dir='ltr'>in</span> <span class='ocrx_word' id='word_1_74' title='bbox 1057 1474 1111 1547; x_wconf 89' lang='lat' dir='ltr'>in·</span> <span class='ocrx_word' id='word_1_75' title='bbox 1153 1455 1160 1466; x_wconf 46' lang='grc'><em>’</em></span> 
     </span>
     <span class='ocr_line' id='line_1_11' title="bbox 136 1592 1110 1691; baseline 0 -23"><span class='ocrx_word' id='word_1_76' title='bbox 136 1601 165 1639; x_wconf 87' lang='grc'>“</span> <span class='ocrx_word' id='word_1_77' title='bbox 184 1615 278 1668; x_wconf 88' lang='lat' dir='ltr'>certo</span> <span class='ocrx_word' id='word_1_78' title='bbox 313 1597 399 1667; x_wconf 90' lang='lat' dir='ltr'>smt:</span> <span class='ocrx_word' id='word_1_79' title='bbox 439 1596 481 1666; x_wconf 88' lang='lat' dir='ltr'>fic</span> <span class='ocrx_word' id='word_1_80' title='bbox 509 1620 530 1666; x_wconf 93' lang='lat' dir='ltr'>a</span> <span class='ocrx_word' id='word_1_81' title='bbox 557 1592 743 1691; x_wconf 87' lang='lat' dir='ltr'>majoribus</span> <span class='ocrx_word' id='word_1_82' title='bbox 770 1593 981 1684; x_wconf 89' lang='lat' dir='ltr'>institutum,</span> <span class='ocrx_word' id='word_1_83' title='bbox 1012 1617 1054 1666; x_wconf 91' lang='lat' dir='ltr'>ut</span> <span class='ocrx_word' id='word_1_84' title='bbox 1087 1598 1110 1668; x_wconf 83' lang='lat' dir='ltr'>st</span> 
     </span>
     <span class='ocr_line' id='line_1_12' title="bbox 136 1712 1125 1816; baseline -0.002 -26"><span class='ocrx_word' id='word_1_85' title='bbox 136 1724 166 1759; x_wconf 85' lang='lat'><strong><em>“</em></strong></span> <span class='ocrx_word' id='word_1_86' title='bbox 184 1715 362 1790; x_wconf 87' lang='lat' dir='ltr'>anteissent</span> <span class='ocrx_word' id='word_1_87' title='bbox 378 1714 519 1804; x_wconf 71' lang='lat' dir='ltr'>delicta,</span> <span class='ocrx_word' id='word_1_88' title='bbox 543 1740 656 1812; x_wconf 84' lang='lat' dir='ltr'>poenae</span> <span class='ocrx_word' id='word_1_89' title='bbox 674 1712 907 1812; x_wconf 87' lang='lat' dir='ltr'>sequerentur.</span> <span class='ocrx_word' id='word_1_90' title='bbox 948 1716 1006 1787; x_wconf 94' lang='lat' dir='ltr'>Ne</span> <span class='ocrx_word' id='word_1_91' title='bbox 1031 1742 1125 1816; x_wconf 86' lang='lat' dir='ltr'>ver·¹</span> 
     </span>
     <span class='ocr_line' id='line_1_13' title="bbox 135 1819 1126 1933; baseline 0 -24"><span class='ocrx_word' id='word_1_92' title='bbox 135 1844 163 1880; x_wconf 85' lang='lat'><strong>“</strong></span> <span class='ocrx_word' id='word_1_93' title='bbox 180 1857 291 1911; x_wconf 88' lang='lat' dir='ltr'>terent</span> <span class='ocrx_word' id='word_1_94' title='bbox 308 1834 473 1933; x_wconf 88' lang='lat' dir='ltr'>sapienter</span> <span class='ocrx_word' id='word_1_95' title='bbox 490 1855 638 1932; x_wconf 85' lang='lat' dir='ltr'>reperta,</span> <span class='ocrx_word' id='word_1_96' title='bbox 665 1838 698 1907; x_wconf 78' lang='grc' dir='ltr'>δι</span> <span class='ocrx_word' id='word_1_97' title='bbox 726 1833 858 1931; x_wconf 88' lang='lat' dir='ltr'>semper</span> <span class='ocrx_word' id='word_1_98' title='bbox 874 1835 1024 1933; x_wconf 89' lang='lat' dir='ltr'>placita:</span> <span class='ocrx_word' id='word_1_99' title='bbox 1059 1819 1126 1910; x_wconf 51' lang='lat' dir='ltr'>sass</span> 
     </span>
     <span class='ocr_line' id='line_1_14' title="bbox 134 1954 1106 2053; baseline 0.002 -24"><span class='ocrx_word' id='word_1_100' title='bbox 134 1957 222 2031; x_wconf 88' lang='lat' dir='ltr'>“tis</span> <span class='ocrx_word' id='word_1_101' title='bbox 243 1983 390 2032; x_wconf 84' lang='lat' dir='ltr'>onerum</span> <span class='ocrx_word' id='word_1_102' title='bbox 413 1955 648 2053; x_wconf 82' lang='lat' dir='ltr'>Principibus,</span> <span class='ocrx_word' id='word_1_103' title='bbox 673 1954 750 2028; x_wconf 88' lang='lat' dir='ltr'>satis</span> <span class='ocrx_word' id='word_1_104' title='bbox 782 1955 886 2029; x_wconf 90' lang='lat' dir='ltr'>etiam</span> <span class='ocrx_word' id='word_1_105' title='bbox 916 1957 1106 2053; x_wconf 83' lang='lat' dir='ltr'>potentiae:</span> 
     </span>
     <span class='ocr_line' id='line_1_15' title="bbox 134 2073 1110 2176; baseline 0.001 -26"><span class='ocrx_word' id='word_1_106' title='bbox 134 2085 163 2121; x_wconf 90' lang='lat'><strong><em>“</em></strong></span> <span class='ocrx_word' id='word_1_107' title='bbox 182 2078 292 2151; x_wconf 91' lang='lat' dir='ltr'>minui</span> <span class='ocrx_word' id='word_1_108' title='bbox 301 2077 394 2176; x_wconf 85' lang='lat' dir='ltr'>jura,</span> <span class='ocrx_word' id='word_1_109' title='bbox 410 2076 568 2174; x_wconf 86' lang='lat' dir='ltr'>quotiens</span> <span class='ocrx_word' id='word_1_110' title='bbox 585 2073 704 2175; x_wconf 87' lang='lat' dir='ltr'>gliscat</span> <span class='ocrx_word' id='word_1_111' title='bbox 722 2077 894 2172; x_wconf 87' lang='lat' dir='ltr'>potestas:</span> <span class='ocrx_word' id='word_1_112' title='bbox 922 2101 986 2151; x_wconf 90' lang='lat' dir='ltr'>nee</span> <span class='ocrx_word' id='word_1_113' title='bbox 1011 2097 1110 2151; x_wconf 86' lang='lat' dir='ltr'>uten-</span> 
     </span>
     <span class='ocr_line' id='line_1_16' title="bbox 134 2195 1110 2298; baseline 0.001 -26"><span class='ocrx_word' id='word_1_114' title='bbox 134 2201 266 2273; x_wconf 88' lang='lat' dir='ltr'>“dum</span> <span class='ocrx_word' id='word_1_115' title='bbox 285 2198 446 2296; x_wconf 88' lang='lat' dir='ltr'>imperio,</span> <span class='ocrx_word' id='word_1_116' title='bbox 469 2196 532 2271; x_wconf 90' lang='lat' dir='ltr'>ubi</span> <span class='ocrx_word' id='word_1_117' title='bbox 551 2195 688 2296; x_wconf 87' lang='lat' dir='ltr'>legibus</span> <span class='ocrx_word' id='word_1_118' title='bbox 712 2195 770 2295; x_wconf 86' lang='lat' dir='ltr'>agi</span> <span class='ocrx_word' id='word_1_119' title='bbox 792 2199 928 2294; x_wconf 83' lang='lat' dir='ltr'>possrt.&#39;&#39;</span> <span class='ocrx_word' id='word_1_120' title='bbox 966 2199 1110 2298; x_wconf 77' lang='lat' dir='ltr'>Qantd</span> 
     </span>
     <span class='ocr_line' id='line_1_17' title="bbox 130 2317 1109 2418; baseline 0.002 -26"><span class='ocrx_word' id='word_1_121' title='bbox 130 2320 235 2394; x_wconf 87' lang='lat' dir='ltr'>rarior</span> <span class='ocrx_word' id='word_1_122' title='bbox 251 2321 345 2418; x_wconf 85' lang='lat' dir='ltr'>apud</span> <span class='ocrx_word' id='word_1_123' title='bbox 360 2318 547 2392; x_wconf 89' lang='lat' dir='ltr'>Tiberium</span> <span class='ocrx_word' id='word_1_124' title='bbox 565 2317 791 2415; x_wconf 89' lang='lat' dir='ltr'>popularitas,</span> <span class='ocrx_word' id='word_1_125' title='bbox 806 2318 903 2391; x_wconf 75' lang='lat' dir='ltr'>tanto</span> <span class='ocrx_word' id='word_1_126' title='bbox 921 2320 1109 2394; x_wconf 76' lang='lat' dir='ltr'>laetioribus</span> 
     </span>
     <span class='ocr_line' id='line_1_18' title="bbox 129 2436 1109 2538; baseline -0.001 -25"><span class='ocrx_word' id='word_1_127' title='bbox 129 2438 253 2513; x_wconf 89' lang='lat' dir='ltr'>animis</span> <span class='ocrx_word' id='word_1_128' title='bbox 281 2459 437 2536; x_wconf 88' lang='lat' dir='ltr'>accepta.</span> <span class='ocrx_word' id='word_1_129' title='bbox 499 2443 620 2537; x_wconf 89' lang='lat' dir='ltr'>Atque</span> <span class='ocrx_word' id='word_1_130' title='bbox 634 2438 693 2513; x_wconf 93' lang='lat' dir='ltr'>ille</span> <span class='ocrx_word' id='word_1_131' title='bbox 710 2436 863 2538; x_wconf 82' lang='lat' dir='ltr'>prudens</span> <span class='ocrx_word' id='word_1_132' title='bbox 891 2440 1109 2532; x_wconf 88' lang='lat' dir='ltr'>moderandi,</span> 
     </span>
     <span class='ocr_line' id='line_1_19' title="bbox 133 2559 1109 2657; baseline -0.002 -22"><span class='ocrx_word' id='word_1_133' title='bbox 133 2559 314 2657; x_wconf 76' lang='lat' dir='ltr'>fiproprid</span> <span class='ocrx_word' id='word_1_134' title='bbox 342 2559 391 2632; x_wconf 71' lang='lat' dir='ltr'>ira</span> <span class='ocrx_word' id='word_1_135' title='bbox 419 2585 491 2632; x_wconf 93' lang='lat' dir='ltr'>non</span> <span class='ocrx_word' id='word_1_136' title='bbox 517 2559 765 2656; x_wconf 85' lang='lat' dir='ltr'>impelleretur,</span> <span class='ocrx_word' id='word_1_137' title='bbox 797 2559 944 2648; x_wconf 87' lang='lat' dir='ltr'>addidit,</span> <span class='ocrx_word' id='word_1_138' title='bbox 973 2567 1000 2603; x_wconf 88' lang='lat'><strong>“</strong></span> <span class='ocrx_word' id='word_1_139' title='bbox 1018 2560 1109 2634; x_wconf 90' lang='lat' dir='ltr'>insu-</span> 
     </span>
     <span class='ocr_line' id='line_1_20' title="bbox 133 2679 1108 2776; baseline 0.003 -25"><span class='ocrx_word' id='word_1_140' title='bbox 133 2687 163 2721; x_wconf 91' lang='lat'><strong>“</strong></span> <span class='ocrx_word' id='word_1_141' title='bbox 181 2680 250 2751; x_wconf 85' lang='lat' dir='ltr'>lam</span> <span class='ocrx_word' id='word_1_142' title='bbox 277 2681 436 2776; x_wconf 81' lang='lat' dir='ltr'>Gyarum</span> <span class='ocrx_word' id='word_1_143' title='bbox 453 2679 627 2755; x_wconf 92' lang='lat' dir='ltr'>immitem</span> <span class='ocrx_word' id='word_1_144' title='bbox 656 2687 690 2755; x_wconf 74' lang='grc' dir='ltr'>δι</span> <span class='ocrx_word' id='word_1_145' title='bbox 717 2685 785 2755; x_wconf 86' lang='lat' dir='ltr'>fine</span> <span class='ocrx_word' id='word_1_146' title='bbox 802 2682 897 2771; x_wconf 90' lang='lat' dir='ltr'>cultu</span> <span class='ocrx_word' id='word_1_147' title='bbox 923 2680 1108 2754; x_wconf 91' lang='lat' dir='ltr'>hominum</span> 
     </span>
    </p>
   </div>
   <div class='ocr_carea' id='block_1_3' title="bbox 13 2791 1110 2897">
    <p class='ocr_par' dir='ltr' id='par_1_4' title="bbox 13 2791 1110 2897">
     <span class='ocr_line' id='line_1_21' title="bbox 13 2791 1110 2897; baseline 0.003 -24"><span class='ocrx_word' id='word_1_148' title='bbox 13 2819 17 2823; x_wconf 83' lang='grc'><em>·</em></span> <span class='ocrx_word' id='word_1_149' title='bbox 135 2808 165 2845; x_wconf 88' lang='grc'><strong>“</strong></span> <span class='ocrx_word' id='word_1_150' title='bbox 183 2801 273 2873; x_wconf 85' lang='lat' dir='ltr'>effe:</span> <span class='ocrx_word' id='word_1_151' title='bbox 301 2791 422 2874; x_wconf 78' lang='lat' dir='ltr'>darent</span> <span class='ocrx_word' id='word_1_152' title='bbox 449 2802 565 2896; x_wconf 82' lang='lat' dir='ltr'>Juniae</span> <span class='ocrx_word' id='word_1_153' title='bbox 584 2798 740 2893; x_wconf 84' lang='lat' dir='ltr'>familiae,</span> <span class='ocrx_word' id='word_1_154' title='bbox 770 2808 804 2876; x_wconf 69' lang='lat' dir='ltr'>a</span> <span class='ocrx_word' id='word_1_155' title='bbox 828 2801 905 2875; x_wconf 89' lang='lat' dir='ltr'>viro</span> <span class='ocrx_word' id='word_1_156' title='bbox 928 2802 1110 2897; x_wconf 89' lang='lat' dir='ltr'>quondam</span> 
     </span>
    </p>
   </div>
   <div class='ocr_carea' id='block_1_4' title="bbox 113 2919 1150 3870">
    <p class='ocr_par' dir='ltr' id='par_1_5' title="bbox 113 2919 1111 3358">
     <span class='ocr_line' id='line_1_22' title="bbox 136 2919 1110 3019; baseline 0.001 -24"><span class='ocrx_word' id='word_1_157' title='bbox 136 2927 164 2963; x_wconf 90' lang='lat'><strong>“</strong></span> <span class='ocrx_word' id='word_1_158' title='bbox 182 2920 313 2995; x_wconf 86' lang='lat' dir='ltr'>ordinis</span> <span class='ocrx_word' id='word_1_159' title='bbox 329 2919 497 3018; x_wconf 84' lang='lat' dir='ltr'>ejusdem,</span> <span class='ocrx_word' id='word_1_160' title='bbox 521 2939 560 2993; x_wconf 94' lang='lat' dir='ltr'>ut</span> <span class='ocrx_word' id='word_1_161' title='bbox 586 2922 777 3019; x_wconf 88' lang='lat' dir='ltr'>Cytheram</span> <span class='ocrx_word' id='word_1_162' title='bbox 807 2921 921 3019; x_wconf 79' lang='lat' dir='ltr'>potiiu</span> <span class='ocrx_word' id='word_1_163' title='bbox 938 2923 1110 2996; x_wconf 88' lang='lat' dir='ltr'>concede-</span> 
     </span>
     <span class='ocr_line' id='line_1_23' title="bbox 135 3037 1109 3141; baseline 0.006 -30"><span class='ocrx_word' id='word_1_164' title='bbox 135 3048 164 3083; x_wconf 90' lang='lat'><strong>“</strong></span> <span class='ocrx_word' id='word_1_165' title='bbox 182 3057 257 3112; x_wconf 88' lang='lat' dir='ltr'>ret:</span> <span class='ocrx_word' id='word_1_166' title='bbox 300 3038 338 3112; x_wconf 91' lang='lat' dir='ltr'>id</span> <span class='ocrx_word' id='word_1_167' title='bbox 377 3037 528 3113; x_wconf 87' lang='lat' dir='ltr'>sororem</span> <span class='ocrx_word' id='word_1_168' title='bbox 572 3068 716 3140; x_wconf 86' lang='lat' dir='ltr'>quoque</span> <span class='ocrx_word' id='word_1_169' title='bbox 743 3044 848 3116; x_wconf 90' lang='lat' dir='ltr'>Silani</span> <span class='ocrx_word' id='word_1_170' title='bbox 877 3044 1109 3141; x_wconf 87' lang='lat' dir='ltr'>Torquatam,</span> 
     </span>
     <span class='ocr_line' id='line_1_24' title="bbox 135 3157 1111 3262; baseline 0.007 -30"><span class='ocrx_word' id='word_1_171' title='bbox 135 3168 164 3203; x_wconf 89' lang='lat'><strong>“</strong></span> <span class='ocrx_word' id='word_1_172' title='bbox 184 3157 301 3258; x_wconf 85' lang='lat' dir='ltr'>pristae</span> <span class='ocrx_word' id='word_1_173' title='bbox 334 3157 570 3234; x_wconf 75' lang='lat' dir='ltr'>sanctimoniae</span> <span class='ocrx_word' id='word_1_174' title='bbox 603 3162 777 3262; x_wconf 76' lang='lat' dir='ltr'>virginem</span> <span class='ocrx_word' id='word_1_175' title='bbox 811 3166 1011 3262; x_wconf 85' lang='lat' dir='ltr'>expetere.&#39;·&#39;</span> <span class='ocrx_word' id='word_1_176' title='bbox 1068 3167 1111 3239; x_wconf 88' lang='lat' dir='ltr'>In</span> 
     </span>
     <span class='ocr_line' id='line_1_25' title="bbox 113 3277 753 3358; baseline 0.009 -6"><span class='ocrx_word' id='word_1_177' title='bbox 113 3278 223 3355; x_wconf 65' lang='lat' dir='ltr'>&#39;hanc</span> <span class='ocrx_word' id='word_1_178' title='bbox 247 3277 452 3357; x_wconf 89' lang='lat' dir='ltr'>sententiam</span> <span class='ocrx_word' id='word_1_179' title='bbox 476 3278 567 3356; x_wconf 69' lang='lat' dir='ltr'>faeta</span> <span class='ocrx_word' id='word_1_180' title='bbox 590 3281 753 3358; x_wconf 87' lang='lat' dir='ltr'>discessro.</span> 
     </span>
    </p>

    <p class='ocr_par' dir='ltr' id='par_1_6' title="bbox 121 3402 1150 3870">
     <span class='ocr_line' id='line_1_26' title="bbox 180 3402 1150 3501; baseline 0.007 -26"><span class='ocrx_word' id='word_1_181' title='bbox 180 3403 302 3475; x_wconf 87' lang='lat' dir='ltr'><strong>LXX.</strong></span> <span class='ocrx_word' id='word_1_182' title='bbox 326 3403 423 3474; x_wconf 82' lang='lat' dir='ltr'>Post</span> <span class='ocrx_word' id='word_1_183' title='bbox 447 3402 563 3501; x_wconf 85' lang='lat' dir='ltr'>¹auditi</span> <span class='ocrx_word' id='word_1_184' title='bbox 590 3403 817 3500; x_wconf 87' lang='lat' dir='ltr'>Cyrenenses,</span> <span class='ocrx_word' id='word_1_185' title='bbox 853 3410 901 3494; x_wconf 70' lang='lat' dir='ltr'>a,</span> <span class='ocrx_word' id='word_1_186' title='bbox 930 3405 1109 3482; x_wconf 84' lang='lat' dir='ltr'>accusante</span> <span class='ocrx_word' id='word_1_187' title='bbox 1149 3454 1150 3457; x_wconf 61' lang='lat'><em>=</em></span> 
     </span>
     <span class='ocr_line' id='line_1_27' title="bbox 133 3520 1109 3623; baseline 0.007 -25"><span class='ocrx_word' id='word_1_188' title='bbox 133 3521 315 3598; x_wconf 85' lang='lat' dir='ltr'>Anchario</span> <span class='ocrx_word' id='word_1_189' title='bbox 347 3520 476 3612; x_wconf 88' lang='lat' dir='ltr'>Prisco,</span> <span class='ocrx_word' id='word_1_190' title='bbox 505 3524 632 3598; x_wconf 85' lang='lat' dir='ltr'>Caefius</span> <span class='ocrx_word' id='word_1_191' title='bbox 660 3526 796 3600; x_wconf 90' lang='lat' dir='ltr'>Cordus</span> <span class='ocrx_word' id='word_1_192' title='bbox 837 3528 1109 3623; x_wconf 90' lang='lat' dir='ltr'>repetundarum</span> 
     </span>
     <span class='ocr_line' id='line_1_28' title="bbox 128 3642 1108 3751; baseline 0.007 -33"><span class='ocrx_word' id='word_1_193' title='bbox 128 3647 327 3751; x_wconf 80' lang='lat' dir='ltr'>damnatur.</span> <span class='ocrx_word' id='word_1_194' title='bbox 345 3692 349 3702; x_wconf 83' lang='lat'>·</span> <span class='ocrx_word' id='word_1_195' title='bbox 376 3645 423 3717; x_wconf 90' lang='lat' dir='ltr'>L.</span> <span class='ocrx_word' id='word_1_196' title='bbox 443 3642 614 3733; x_wconf 87' lang='lat' dir='ltr'>Ennium,</span> <span class='ocrx_word' id='word_1_197' title='bbox 633 3646 786 3743; x_wconf 87' lang='lat' dir='ltr'>equitem</span> <span class='ocrx_word' id='word_1_198' title='bbox 799 3650 1019 3741; x_wconf 89' lang='lat' dir='ltr'>Romanum,</span> <span class='ocrx_word' id='word_1_199' title='bbox 1033 3675 1108 3724; x_wconf 65' lang='lat' dir='ltr'>ma⁴</span> 
     </span>
     <span class='ocr_line' id='line_1_29' title="bbox 121 3748 1149 3870; baseline 0.008 -34"><span class='ocrx_word' id='word_1_200' title='bbox 121 3751 252 3864; x_wconf 85' lang='lat' dir='ltr'>jestatis</span> <span class='ocrx_word' id='word_1_201' title='bbox 287 3762 515 3863; x_wconf 88' lang='lat' dir='ltr'>postulatum,</span> <span class='ocrx_word' id='word_1_202' title='bbox 556 3769 585 3809; x_wconf 91' lang='lat'><strong><em>“</em></strong></span> <span class='ocrx_word' id='word_1_203' title='bbox 598 3763 694 3863; x_wconf 69' lang='lat' dir='ltr'>quod</span> <span class='ocrx_word' id='word_1_204' title='bbox 749 3748 912 3870; x_wconf 85' lang='lat' dir='ltr'>effigiem</span> <span class='ocrx_word' id='word_1_205' title='bbox 936 3771 1107 3870; x_wconf 73' lang='lat' dir='ltr'>Principia</span> <span class='ocrx_word' id='word_1_206' title='bbox 1146 3777 1149 3782; x_wconf 77' lang='grc'><em>’</em></span> 
     </span>
    </p>
   </div>
   <div class='ocr_carea' id='block_1_5' title="bbox 0 0 1402 4724">
    <p class='ocr_par' dir='ltr' id='par_1_7' title="bbox 0 0 1402 4724">
     <span class='ocr_line' id='line_1_30' title="bbox 0 0 1402 4724; baseline 0 0"><span class='ocrx_word' id='word_1_207' title='bbox 0 0 1402 4724; x_wconf 95' lang='lat' dir='ltr'> </span> 
     </span>
    </p>
   </div>
  </div>
 </body>
</html>
