2834 4732
380 332 687 401 Arruntium
721 328 834 400 Lrn.
863 310 952 399 ΙΙ(
1104 352 1149 427 95

181 514 214 558 “2
227 507 311 596 aliis,
336 533 414 604 quae
436 507 481 579 ad
506 505 661 603 requiem
684 504 807 594 animi,
833 523 892 575 aut
918 499 1150 582 salubritatem

181 635 410 724 “corporum
442 647 624 723 parentur:
664 627 724 699 nisi
753 624 840 697 forte
868 622 1050 696 clariffimo
1075 627 1148 699 cui-

180 757 207 792 “
225 773 294 846 que
313 749 427 844 plures
440 774 552 837 curas,
577 745 707 845 majora
720 746 871 843 pericula
884 743 1072 830 subeunda;
1088 748 1148 820 de-

177 877 204 912 “
222 868 408 942 linimentis
433 894 592 941 curarum
624 873 657 940 &
695 867 927 964 periculorum
962 867 1150 945 carendum

180 997 205 1031 “
224 990 327 1062 effe.''
377 988 532 1062 Facilem
560 985 740 1061 adsensum
765 988 882 1075 Gallo,
908 984 970 1058 sub
996 989 1147 1061 nomini-

177 1112 242 1183 bus
259 1109 422 1199 honestis‚
446 1104 609 1183 consessio
626 1088 792 1182 uitiorum
825 1113 859 1183 &
885 1106 1068 1180 similitudo
1090 1135 1150 1182 au-

176 1229 349 1303 dientium
381 1231 489 1303 dedit.
549 1228 735 1328 Adjecerat
773 1235 806 1303 &
840 1227 1016 1318 Tiberius,
1041 1237 1150 1304 “non

180 1351 261 1423 “id
283 1372 419 1446 tempus
441 1349 610 1423 censurae:
649 1376 727 1440 nec,
765 1348 897 1446 fiquid
928 1348 965 1420 in
996 1351 1188 1444 moribus'⁸

182 1476 210 1511 “
227 1471 369 1559 labaret,
395 1467 595 1542 defuturum
621 1469 817 1567 corrigendi
840 1471 1053 1542 auetoremss'

229 1592 403 1663 XXXIV.
439 1593 560 1663 lurnn
579 1618 657 1688 quae
670 1593 716 1663 L.
733 1588 810 1662 Piso
836 1588 1047 1662 “ambitum
1070 1590 1149 1685 sori,

182 1715 210 1750 “
224 1708 545 1808 corruptasjudicia,
570 1709 735 1783 sevitiam
764 1729 942 1782 oratorum
964 1709 1149 1784 accusatio-

181 1838 287 1904 “nes
311 1830 569 1904 minitantium’'
590 1831 781 1928 increpans,
813 1829 947 1903 “abire
963 1829 1008 1921 se,
1036 1836 1069 1904 &
1094 1857 1149 1904 ce·

182 1958 210 1992 “
228 1954 309 2024 dere
323 1954 436 2041 Urbe,
467 1952 641 2024 vinorum
669 1953 704 2024 in
731 1951 850 2048 aliquo
872 1951 993 2025 abdito
1018 1955 1058 2026 δι’
1074 1955 1150 2025 lon-

182 2078 210 2113 “
228 2072 360 2170 ginquo
382 2074 483 2161 rure''
517 2072 722 2146 testabatur:
763 2075 862 2146 simul
890 2071 1020 2146 curiam
1048 2072 1151 2147 relin-

178 2196 318 2291 quebat.
368 2195 579 2267 Commotus
603 2194 652 2267 est
680 2192 854 2283 Tiberius,
882 2198 914 2267 tc
938 2220 1152 2292 quamquam

180 2316 320 2389 mitibus
344 2317 457 2389 verbis
482 2314 643 2388 Pisonem
672 2316 911 2412 permulsiffet,
939 2307 1153 2411 propinquos

130 2476 133 2481 ⁴
180 2462 322 2534 quoque
339 2434 410 2532 ejus
427 2435 581 2532 impulit,
600 2457 640 2510 ut
661 2439 847 2511 abeuntem
871 2434 1067 2509 ausloritate
1095 2438 1151 2508 vel

151 2582 153 2588 ·
180 2545 342 2651 precibus
366 2575 532 2629 tenerent.
595 2558 704 2630 Haud
722 2586 727 2601 ·
745 2555 860 2628 minus
899 2554 996 2628 liberi
1025 2556 1153 2629 doloris

180 2675 434 2748 documentum
467 2673 562 2749 idem
584 2676 661 2750 Piso
694 2703 780 2750 mox
814 2676 923 2766 dedit,
960 2680 1082 2749 vocata
1116 2676 1152 2748 in

175 2790 233 2891 jus
249 2796 457 2893 Urgulania,
483 2823 590 2894 quam
613 2795 714 2894 supra
737 2800 831 2895 leges
848 2796 998 2870 amicitia
1013 2794 1152 2894 Augus-

181 2934 225 2986 tae
253 2918 444 2989 extulerat:
481 2943 546 2991 nec
582 2939 641 2991 aut
667 2918 862 3015 Urgulania
886 2917 1152 3013 obtemperavit,

183 3035 219 3106 in
233 3036 381 3106 domum
404 3035 561 3127 casaris,
579 3037 691 3135 spreto
715 3037 849 3128 Pisone,
878 3039 976 3111 vesta
984 3066 993 3122 3
1018 3058 1076 3110 aut
1095 3038 1152 3110 ille

180 3153 322 3244 abstitit,
358 3181 574 3254 quamquam
598 3159 758 3256 Augusta
792 3167 818 3202 “
836 3159 868 3232 se
885 3158 1005 3232 violari
1030 3164 1062 3232 8<
1086 3159 1151 3230 im-

182 3281 210 3316 “
232 3274 368 3348 minui'’
400 3300 607 3374 quereretur.
658 3279 822 3354 Tiberius
846 3282 1008 3354 hastenus
1036 3265 1152 3352 indul-

183 3419 264 3492 gere
278 3396 378 3468 matri
403 3399 503 3471 civile
520 3420 624 3488 rarus,
648 3422 687 3472 ut
709 3408 736 3442 “
751 3400 783 3474 se
807 3401 937 3475 iturum
962 3400 1006 3472 ad
1028 3420 1152 3496 praeto·

182 3516 273 3589 “ris
305 3516 468 3607 tribunal,
510 3519 708 3593 adsutumm
748 3519 978 3618 Urgulaniae'’
1008 3521 1153 3613 diceret,

182 3640 337 3733 processit
377 3638 518 3735 palati0,
566 3642 686 3736 procul
710 3638 804 3739 sequi
829 3638 925 3738 jussis
956 3640 1150 3719 militibus:

182 3755 409 3854 spedabatur‚
447 3759 643 3835 occursante
668 3763 813 3860 populo,
840 3768 1049 3860 compositus
1080 3788 1151 3851 ore,
