2796 4724
269 336 338 432 15⁶
451 307 1049 406 C.'Cornai.11Tncrrr
1160 392 1162 395 .

200 472 206 533 'i
266 498 402 582 Drusus'
413 503 570 596 adsensit,
589 531 806 605 quamquam
822 505 879 579 alii
897 503 1015 579 mitius
1027 500 1274 601 censuissentr'p

266 652 352 700 mox
369 629 513 715 Scauro,
544 626 605 723 qui
624 627 731 722 filiam
753 651 798 700 ex
825 629 864 699 ea
892 643 1074 725 genuerat,
1107 625 1247 718 damn,

263 769 307 817 ne
336 747 428 818 bona
455 744 724 842 publicarentur.
804 748 904 819 Tum
929 746 1075 819 demum
1109 747 1248 841 aperuit

261 864 436 955 Tiberius,
469 873 497 908 “
511 850 735 964 compertum
761 866 821 940 fibi
839 865 944 939 etiam
966 892 1012 940 ex
1041 869 1082 938 P.
1095 865 1246 964 Qunnu

262 991 290 1028 ‘⁴
309 984 425 1077 servis,
445 1012 580 1060 veneno
596 1014 677 1060 eum
701 1013 722 1060 a
748 987 885 1084 Lepida
902 985 1089 1084 petitum.’'
1235 1080 1243 1095 Ι

309 1108 443 1180 XXIV.
469 1110 725 1182 lnausrnrunr
746 1112 920 1181 domuum
937 1107 1077 1180 adversa
1096 1106 1244 1204 (etenim

259 1228 354 1301 haud
371 1228 527 1301 multum
543 1228 680 1302 distanti
698 1250 856 1326 tempore
872 1217 1052 1325 Calpurnii
1068 1227 1245 1319 Pisonem,
1314 1251 1317 1261 ’

258 1347 397 1450 AEmilii
427 1349 619 1453 lepidam·
632 1348 833 1443 amiserant)
876 1347 996 1421 solatio
1024 1348 1153 1423 adfecit
1196 1352 1245 1423 D.
1284 1399 1287 1409 ·

258 1468 408 1559 Silanus,
436 1469 551 1564 Juniae
566 1467 708 1542 familiae
727 1469 907 1543 redditus:
939 1468 1054 1543 casum
1072 1466 1143 1567 ejus
1161 1495 1246 1566 pau-

258 1588 308 1663 cis
324 1609 491 1686 repetam.
517 1593 570 1663 Ut
588 1590 704 1663 valida
721 1589 806 1663 divo
824 1589 987 1689 Augusto
1013 1589 1050 1662 in
1064 1592 1243 1687 *rempubz

259 1709 364 1782 licam
396 1706 549 1799 fortuna,
573 1710 626 1782 ‘ita
642 1711 741 1784 domi
758 1709 972 1810 improspera
996 1708 1076 1800 suit,
1104 1712 1152 1784 ob
1175 1709 1244 1783 im-⁸

184 1908 185 1913 χ
259 1828 464 1926 pudicitiam
494 1829 575 1903 filiae
617 1858 657 1905 ac
691 1833 818 1930 neptis,
858 1858 943 1930 quas
969 1834 1070 1910 Urbe
1094 1830 1241 1928 depulit,

256 1950 499 2048 adulterosque
516 1977 634 2025 earum
651 1973 763 2026 morte
780 1973 840 2025 aut
854 1950 939 2049 fuga
953 1951 1118 2048 punivit:
1160 1978 1244 2026 nam

256 2072 396 2167 culpam
412 2070 502 2144 inter
518 2071 664 2145 virosae
681 2069 826 2143 feminas
840 2073 1034 2168 vulgatam,
1059 2071 1158 2169 gravi
1176 2097 1240 2143 no·

257 2190 352 2264 mine
377 2198 403 2233 “
422 2189 580 2264 laesarum
612 2189 865 2289 religionum,’'
893 2215 933 2263 ac
959 2196 987 2231 “
1001 2187 1139 2265 violatae
1164 2216 1240 2263 ma·

259 2319 288 2355 “
299 2309 454 2411 jestatis”
476 2313 701 2410 appellando,
726 2309 948 2384 clementiam
966 2306 1138 2405 majorum
1150 2306 1241 2383 suas⁴

256 2459 326 2531 que
350 2431 422 2531 ipse
445 2435 541 2533 leges
560 2433 813 2532 egrediebatur.
863 2434 930 2505 Sed
943 2431 1093 2505 aliorum
1110 2430 1252 2523 exitus,

125 2580 126 2583 ’
233 2555 356 2628 srmul
373 2575 487 2629 cetera
516 2554 607 2628 illius
625 2553 735 2628 aetatis
761 2555 980 2644 memorabo,
1005 2556 1028 2626 sr
1055 2551 1184 2626 effectis
1204 2552 1242 2626 iri

191 2688 201 2707 ⁸
256 2701 335 2774 quae
352 2676 462 2768 tendi,
489 2677 605 2774 plures
623 2678 667 2749 ad
685 2701 782 2750 curas
791 2674 908 2748 ‘vitam
927 2675 1142 2771 produxero.
1193 2677 1242 2749 D.

254 2797 405 2888 Silanus,
445 2792 497 2871 in'
521 2797 618 2895 nepti
652 2795 802 2896 Augusti
822 2796 979 2885 adulter,
1021 2819 1243 2893 quamquam

253 2942 326 2992 non
354 2919 447 2992 ultra
470 2917 558 2991 foret
574 2917 745 3008 saevitum,
776 2916 886 3016 quam
902 2936 940 2989 ut
957 2913 1110 2989 amicitia
1128 2914 1241 2989 Caesa·

253 3040 298 3113 ris
321 3039 575 3138 prohiberetur,
604 3039 763 3112 exsilium
793 3036 854 3117 srbi
881 3035 1110 3111 demonstrari
1138 3036 1241 3111 intel-

253 3160 367 3234 lexit:
405 3183 485 3248 nec,
524 3158 583 3231 nifi
628 3159 774 3232 Tiberio
798 3158 1033 3256 imperitante,
1062 3157 1240 3255 deprecari
1306 3190 1309 3198 ·
1344 3219 1348 3229 .

252 3280 408 3355 senatum
425 3305 465 3355 ac
485 3279 682 3377 Principem
700 3278 799 3352 ausus
815 3280 878 3370 est,
908 3282 964 3354 Μ.
995 3278 1101 3353 Silani
1128 3277 1240 3352 fratris

255 3403 422 3494 potentias,
443 3402 503 3499 qui
520 3426 581 3498 per
598 3400 768 3498 insignem
786 3400 1007 3494 nobilitatem
1021 3405 1055 3474 dr
1070 3402 1238 3498 eloquen-

246 3516 339 3590 tiam
367 3523 598 3614 praecellebat.
657 3521 725 3594 Sed
763 3520 928 3594 Tiberius
971 3541 1084 3620 grates
1121 3518 1236 3617 agenti

252 3636 382 3725 Silano,
416 3640 573 3734 patribus
606 3667 725 3715 coram
758 3640 947 3739 respondit,
993 3650 1021 3684 “
1034 3640 1068 3715 se
1095 3665 1237 3736 quoque
1301 3702 1305 3711 .

254 3765 282 3802 “
301 3755 523 3853 lateriqudd
539 3757 642 3836 frater
659 3759 731 3878 ejus
757 3788 777 3864 e
800 3761 1076 3866 peregrinatione
1094 3758 1236 3859 longin.
