2796 4724
259 376 333 443 214
478 349 1059 443 C.ConurrrrTncrr1

217 570 218 575 =
256 525 346 618 sunt,
366 527 452 598 dum
481 516 644 597 videntur
668 523 801 599 exsolvi
835 526 954 624 posse:
978 523 1041 599 ubi
1078 524 1234 598 multum

154 653 161 665 “
256 642 476 734 antevenere,
502 672 566 742 pro
591 645 700 743 grati&
724 645 849 720 odium
875 645 1043 720 redditur.

299 767 401 840 XIX.
428 768 543 840 Ennr
577 792 668 839 uxor
698 765 783 841 Silio
812 769 904 841 Sosra
942 768 1058 856 Galla,
1094 764 1233 841 caritate

253 885 462 984 Agrippinae
486 885 594 960 invisa
615 886 782 985 Principi.
844 889 927 962 Hos
951 887 1095 984 corripi,
1120 886 1231 959 dilato

251 1006 297 1078 ad
314 1026 453 1103 tempus
470 1006 611 1099 Sabino,
633 1008 826 1106 placitum:
854 1004 1094 1105 immiffusque
1124 1009 1232 1079 Varro

251 1123 382 1214 consul,
424 1126 485 1224 qui
525 1133 724 1226 “paternas
762 1128 985 1204 inimicitias''
1023 1127 1229 1217 obtendens,

248 1245 339 1321 odiis
355 1245 470 1345 Sejani
484 1274 549 1344 perw
561 1249 714 1324 dedecus
731 1249 832 1325 suum
846 1249 1120 1350 ,gratificabatuu
1144 1249 1229 1320 Pre-

250 1380 353 1441 cante
370 1393 444 1459 reo,
473 1373 663 1444 “brevem
678 1397 829 1461 moram,
852 1372 940 1445 dum
957 1350 1135 1444 aecusator
1148 1391 1235 1441 con·

249 1496 282 1534 ⁴‘
299 1486 412 1562 sulatu
429 1488 578 1580 abiret,’'
603 1489 798 1564 adversatus
825 1491 875 1565 est
891 1488 1003 1565 Caesar
1015 1519 1027 1564 ,ε
1056 1487 1250 1562 “solitum

253 1615 282 1652 “
301 1609 437 1708 quippe
481 1610 751 1709 magistratibus,
784 1611 880 1687 diem
916 1609 1060 1709 privatis
1094 1609 1232 1683 dicere:

253 1737 282 1776 “
300 1756 366 1803 nec
403 1727 682 1829 infringendum,
695 1731 845 1807 consulis
866 1730 939 1831 jus,
975 1729 1088 1835 cujus¹
1104 1727 1235 1828 vigiliis

245 1856 281 1896 '“
299 1850 479 1940 niteretur,
534 1877 580 1924 ne
617 1855 715 1950 quod
755 1853 948 1951 respublica
972 1852 1234 1941 detrimentum

251 1977 279 2014 “
298 1971 474 2066 caperet.”
538 1972 729 2066 Proprium
752 1972 789 2044 id
813 1973 962 2046 Tiberio
986 1972 1066 2062 fuit,
1107 1953 1262 2045 scelera'

249 2113 359 2186 nuper
380 2108 515 2184 reperta
532 2088 650 2184 priscis
668 2090 785 2163 verbis
802 2077 981 2187 obtegere.
1009 2091 1122 2188 Igitur
1138 2092 1233 2163 mul·

252 2214 292 2306 tl
323 2206 592 2299 adseveratione,
628 2212 723 2307 quasr
755 2229 814 2284 aut
852 2209 988 2308 legibus
1028 2234 1112 2282 cum
1145 2209 1233 2282 Silio

129 2327 131 2329 ’
250 2348 433 2430 ageretur,
452 2350 511 2402 aut
538 2332 651 2404 Varro
680 2327 812 2420 consul,
834 2348 894 2403 aut
924 2329 1013 2403 illud
1036 2326 1233 2427 respublica

252 2454 349 2543 esset,
376 2470 553 2549 coguntur
586 2469 720 2548 patres3
749 2451 864 2523 silente
887 2474 959 2541 reo,
985 2450 1042 2523 vel
1064 2453 1088 2522 sr
1112 2445 1233 2522 desen·

253 2578 385 2649 fionem
415 2592 599 2669 coeptaret,
626 2597 697 2645 non
724 2573 937 2663 occultante,
961 2560 1059 2668 cuju's
1080 2568 1131 2642 ira
1157 2594 1235 2667 pre·

253 2714 418 2768 meretur.
471 2699 498 2735 “
517 2691 738 2768 Conscientia
756 2693 839 2767 belli
866 2691 1025 2766 Sacrovir
1053 2691 1116 2768 diu
1144 2690 1264 2779 diffi-⁸

254 2822 283 2857 “
301 2818 469 2904 mulatus,
493 2812 636 2888 ristona
653 2839 715 2912 per
731 2813 914 2887 avaritiam
929 2811 1075 2903 soedata,
1091 2816 1126 2885 δι
1142 2837 1238 2886 uxor

238 2937 417 3008 ,“Sos1a''
450 2937 709 3032 arguebantur:
742 2959 807 3042 nec
831 2932 939 3008 dubie
964 2933 1238 3032 repetundarum

253 3054 456 3131 criminibus
474 3056 674 3129 haerebant:
705 3055 764 3129 sed
786 3057 912 3129 cunda
945 3054 1136 3154 quaestione
1163 3080 1237 3129 ma·
1263 3036 1265 3039 ⁸

251 3175 381 3275 jestatis
408 3175 587 3261 exercita3
622 3180 656 3249 δι
684 3175 787 3249 Silius
814 3176 1062 3251 imminentem
1091 3179 1237 3251 damna·
1348 3232 1361 3262 ,-

254 3297 391 3372 tionem
415 3296 612 3370 voluntario
636 3298 707 3370 fine
732 3296 920 3394 praevertit.

305 3420 390 3493 XX.
416 3421 609 3494 SAEvrruu
639 3437 757 3491 tamen
787 3417 824 3519 in
858 3420 967 3510 bona,
1010 3445 1083 3495 non
1111 3439 1152 3494 ut
1178 3419 1250 3523 stl‘.

256 3537 442 3635 pendiariis
473 3539 639 3638 pecunia
665 3541 904 3632 redderentur,
943 3568 1094 3641 quomm
1128 3561 1236 3622 nemo
1296 3562 1305 3574 ’

213 3699 217 3704 -
256 3658 456 3754 repetebat:
483 3660 541 3734 sed
558 3662 743 3737 liberalitas
763 3661 913 3761 Augusti
930 3648 1069 3756 avulsa,
1084 3682 1236 3754 compu-

256 3775 336 3854 tatis
366 3775 566 3877 finglllatim
596 3808 676 3881 quae
701 3781 785 3858 fisco
799 3786 1029 3882 petebantur:
1053 3806 1094 3857 ea
1118 3776 1236 3881 prima
