2796 4724
377 323 916 397 AuurrronL1n.IV.
1063 349 1133 425 207

158 500 208 577 ti:
237 500 391 576 sednon
417 498 592 574 omiserim
620 500 827 574 eorumdem
849 519 1051 597 temporum
1077 529 1134 577 ru-

95 722 96 725 *
158 649 310 711 morem,
350 620 508 696 validum
550 620 653 711 adeo,
682 640 723 694 ut
752 622 914 713 nondum
958 622 1138 696 exolescat.

159 752 187 788 “
206 743 373 840 Corrupta
390 744 435 816 ad
451 739 559 816 scelus
575 741 693 832 Livia,
711 739 873 844 Sejanum
901 741 1022 838 Lygdi
1048 768 1135 838 quo·
1175 807 1181 817 .

157 872 186 908 “
202 888 271 963 que
288 862 448 960 spadonis
467 862 625 935 animum
643 862 764 959 stupro
781 861 954 934 vinxisse:
986 861 1083 960 quod
1108 863 1136 936 is
1237 917 1241 928 .

159 992 185 1027 “
203 979 354 1082 L'ygdus
371 1005 477 1057 aetate
499 1003 605 1082 atque
626 970 746 1056 'forma
769 964 871 1054 ⁸carus
899 981 1060 1073 domino,
1084 982 1136 1055 in·

97 1176 101 1180 .
158 1112 326 1201 “terque
356 1104 523 1201 primores
549 1103 724 1177 ministros
757 1124 850 1177 erat:
878 1101 1018 1192 deinde,
1046 1102 1137 1178 inter

159 1233 187 1271 “
206 1223 360 1299 conscios
375 1224 437 1298 ubi
454 1227 552 1298 locus
570 1223 730 1297 veneficii
752 1220 959 1320 tempusque
987 1249 1136 1322 compo-

159 1353 187 1388 “
207 1351 265 1421 srta
294 1349 370 1437 fint,
394 1345 436 1417 eo
464 1344 616 1419 audaciae
643 1347 867 1443 proveetum,
883 1336 936 1417 'ut
964 1365 1109 1418 verteret
1123 1375 1135 1432 ;
1165 1410 1168 1414 .

57 1552 60 1557 ⁸
147 1475 187 1542 .“
208 1472 241 1541 &
259 1467 398 1540 occulto
413 1465 542 1540 indicio
560 1465 712 1540 Drusum
729 1465 856 1564 veneni
872 1464 908 1537 in
927 1485 1059 1563 patrem
1082 1494 1135 1542 ar-

161 1596 189 1652 .“
208 1612 332 1687 guens,
351 1608 508 1660 moneret
521 1586 724 1677 Tiberium,
742 1583 922 1661 vitandam
942 1588 1136 1684 potionem,
1232 1615 1234 1622 ²

159 1717 188 1753 “
207 1737 286 1809 quae
303 1707 416 1807 prima
437 1708 482 1798 ei,
509 1710 603 1807 apud
621 1708 734 1783 filium
752 1707 919 1805 epulanti,
944 1710 1135 1784 offerretur.

93 1848 99 1859 ’
158 1839 186 1897 ‘.‘
208 1834 260 1906 Ea
295 1830 418 1904 fraude
450 1851 529 1902 turn
554 1828 693 1933 senem,
724 1828 907 1926 postquam
933 1830 1135 1905 convivium

158 1959 186 1995 “
202 1952 339 2044 inierat,
378 1966 568 2050 exceptum
600 1951 768 2048 poculum
794 1948 908 2025 Druso
938 1951 1134 2040 tradidisse3

159 2080 186 2133 ‘1‘
204 2094 310 2171 atque
325 2074 386 2146 illo
403 2073 540 2172 ignaro,
559 2075 593 2145 δι
615 2069 817 2168 juveniliter
832 2071 1025 2164 hauriente,
1054 2101 1137 2149 auc·

157 2202 185 2241 “
202 2215 274 2268 tam
300 2194 545 2292 suspicionem,
584 2213 766 2291 tamquam
794 2213 892 2267 metu
922 2197 956 2267 δι
984 2196 1135 2291 pudore,

156 2317 340 2391 “sibimet
370 2315 546 2414 inrogaret
576 2334 740 2405 mortem,
769 2339 878 2410 quam
904 2314 991 2410 patri
1023 2315 1135 2388 strux-

157 2446 185 2487 “
203 2439 310 2521 erat.’'
537 2514 539 2521 ,

205 2558 271 2632 XI.
298 2557 398 2630 Hinc
425 2552 689 2654 vulgojaeiata,
711 2552 812 2654 super
839 2554 890 2646 id,
918 2553 1015 2651 quod
1037 2556 1136 2628 nullo

130 2671 132 2674 Α
155 2678 295 2752 auetore
313 2696 407 2749 certo
425 2679 623 2767 firmantur,
638 2676 801 2776 prompte
814 2673 1025 2750 refutaveris.
1047 2675 1136 2772 Qus

158 2798 253 2872 enirn
270 2798 438 2879 mediocri
457 2797 654 2896 prudentia,
677 2799 810 2871 nedum
832 2796 1008 2888 Tiberius,
1032 2795 1136 2871 tantis
1197 2829 1212 2839 ,.

157 2922 259 2993 rebus
288 2920 472 3012 exercitus,
504 2919 663 2993 inaudito
694 2918 768 2993 filio
797 2918 946 2992 exitium
985 2917 1134 3006 offerret,
1232 3004 1237 3016 ι

156 3041 263 3139 idque
279 3039 338 3113 sua
354 3067 474 3132 manu,
488 3046 521 3114 δι
539 3043 639 3127 nullo
654 3042 699 3115 ad
715 3039 952 3138 paenitendum
966 3040 1132 3138 regressu?

156 3161 256 3262 Qrin
277 3161 394 3260 potius
411 3160 609 3249 ministrum
626 3161 752 3237 veneni
768 3161 996 3251 excruciaret,
1016 3162 1134 3234 auno·

157 3309 233 3356 rem
260 3283 456 3382 exquireret
469 3312 481 3369 3
517 3280 614 3356 infit&
637 3282 804 3382 denique,
832 3282 937 3356 etiam
960 3281 995 3354 in
1018 3301 1134 3355 extra·
1223 3270 1228 3275 ’

81 3475 83 3478 ⁴
156 3430 255 3496 neos,
280 3403 500 3478 cunetatione
518 3409 552 3477 δι
571 3407 683 3494 mora,
707 3403 894 3505 adversum
917 3401 1075 3494 unicum,
1099 3406 1135 3476 δι

155 3525 287 3599 nullius
311 3525 391 3597 ante
419 3524 540 3623 flagitii
569 3546 807 3621 compertum,
842 3543 1006 3597 uteretur.
1064 3524 1139 3597 Sed

156 3646 238 3745 quia
267 3643 408 3744 Sejanus
431 3644 624 3719 facinorum
637 3646 798 3719 omnium
815 3665 965 3742 repertor
980 3647 1132 3722 habeba·

156 3788 225 3863 tur,
248 3795 293 3844 ex
310 3766 417 3844 nuria
433 3764 572 3843 caritate
596 3764 632 3840 in
656 3792 737 3842 eum
758 3765 913 3858 Caesaris,
940 3770 974 3841 &
998 3787 1131 3843 cetero·
