2760 4718
340 361 639 434 Anuartuu
668 352 867 427 Lrs.Vl.
1047 301 1112 453 31¹1

134 531 278 607 dicavit.
327 534 396 608 Sed
409 533 613 609 aestimando
629 510 795 629 cujusque
811 529 1021 604 detrimento
1033 557 1119 631 qua·

20 648 27 667 '
133 675 218 728 tuor
257 656 440 755 progeneri
469 651 624 745 Caesaris,
668 652 955 744 Cn.·Domitius,
989 655 1118 751 Cassius

134 774 339 877 Longinus,
353 781 409 851 Μ.
422 775 594 865 Vinicius,
607 770 795 849 Rubellius
813 775 964 849 Blandus
976 775 1116 868 debeb,
1216 769 1233 873 'a

131 896 357 995 additusque,
383 896 623 971 nominatione
640 892 837 985 consulum,
862 896 903 967 P.
925 898 1116 971 Petronius.
1164 944 1168 955 ·

137 1018 197 1106 Et,
224 1043 287 1114 pro
314 1017 458 1114 ingenio
483 1014 662 1113 cujusque,
692 1015 838 1118 quaesrti'
856 1016 1056 1116 decretique
1080 1020 1116 1093 in

134 1137 336 1234 Principem
353 1139 525 1210 honores:
555 1161 645 1234 quos
663 1134 814 1208 omiserit
843 1138 1055 1234 receperitve
1079 1141 1117 1213 in

131 1256 267 1330 incerto
292 1254 372 1347 suit,
398 1259 446 1330 ob
463 1256 702 1354 propinquum
717 1257 797 1330 vitae
814 1258 936 1331 finem.
986 1262 1117 1357 Neque

132 1376 230 1451 enim
258 1375 371 1451 multb
399 1376 476 1475 post
502 1376 653 1475 supremi
676 1377 823 1451 Tiberio
850 1376 1020 1469 consules,
1048 1383 1115 1453 Cn.

137 1498 362 1590 Acerronius,
391 1500 434 1571 C.
469 1498 614 1572 Pontius
650 1499 888 1598 magistratum
932 1504 1114 1598 occepere,

135 1619 244 1694 nimizl
259 1619 336 1719 jam
360 1620 515 1719 potentii
529 1620 723 1710 Macronis,
738 1619 799 1719 qui
814 1620 961 1718 gratiam
976 1623 1019 1694 C.
1030 1612 1115 1696 ⁴Cae·

133 1738 228 1833 saris,
242 1768 439 1841 numquam
455 1741 518 1816 sibi
533 1743 743 1841 negleelam,
767 1741 879 1814 acrius
903 1740 940 1813 in
963 1741 1038 1815 dies
1061 1741 1114 1816 so-

134 1866 255 1954 vebat,
282 1862 538 1963 impuleratque
554 1863 632 1961 post
647 1882 795 1936 mortem
811 1861 983 1955 claudiae,
1008 1856 1116 1964 quam

133 2004 283 2082 nuptam
309 1984 341 2058 ei
365 1985 490 2076 retuli,
504 2009 653 2058 uxorem
677 1983 772 2058 suam
803 1982 957 2057 Enniam
978 1984 1115 2061 immit-

133 2106 258 2197 tendo,
286 2131 405 2181 amore
427 2105 599 2205 juvenem
622 2105 776 2197 inlicere,
803 2107 976 2205 passoque
998 2106 1116 2181 matri-
1202 2168 1205 2175 r

131 2226 243 2299 monii
266 2227 412 2320 uincire,
436 2228 529 2302 nihil·
544 2230 773 2312 abnuentem,
787 2228 876 2297 dum
902 2215 1115 2298 dominatio-

131 2347 184 2420 nis
223 2345 442 2440 apisceretur.
503 2346 602 2415 Natn
635 2346 695 2415 etsi
729 2362 928 2416 commotus
956 2341 1114 2440 ingenio,

130 2462 393 2536 timtdationum
417 2481 538 2536 tamen
559 2461 642 2535 falsa
665 2461 702 2534 in
725 2463 797 2534 smu
825 2460 881 2536 avi
919 2462 1114 2559 perdidicc-
1148 2496 1152 2501 ·

131 2603 194 2659 rat.
335 2631 343 2643 ·
694 2608 699 2613 ’
746 2632 750 2638 -

182 2705 317 2783 XLVI.
340 2706 525 2778 Gunntnu
549 2705 617 2779 hoc
642 2704 809 2802 Principi,
833 2705 946 2802 estque
970 2705 1113 2781 dubita·
1232 2790 1238 2800 ,

48 2882 57 2897 ,
132 2824 183 2901 vit
199 2829 245 2900 de
261 2827 431 2899 tradendi
442 2827 642 2924 republiclr:
667 2826 823 2924 primum
839 2825 929 2898 inter
946 2848 1111 2926 nepotem

130 2976 288 3050 quorum
305 2948 421 3022 Druso
437 2948 587 3048 genitus,
622 2943 789 3047 sanguine
814 2952 858 3021 δι’
875 2936 1015 3021 caritate
1031 2975 1113 3046 pro·
1209 3035 1214 3050 .

131 3072 225 3170 pior,
244 3054 481 3145 sed'noudum
500 3072 721 3168 pubertatem
736 3068 930 3169 ingressus:
959 3072 1112 3143 Germa·

129 3191 201 3267 uici
218 3190 294 3266 filio
310 3193 417 3266 robur
426 3188 596 3290 juventae‚
613 3191 714 3291 vulgi
731 3191 855 3281 studia,
888 3216 1000 3288 eaque
1016 3191 1114 3289 apud

131 3340 242 3388 avum
274 3313 346 3386 odii
379 3309 491 3387 causa.
553 3310 685 3386 Etiam·
700 3314 746 3385 de
772 3313 923 3388 Claudio
950 3312 1111 3411 agitanti,

129 3434 230 3533 quod
246 3435 275 3508 is
292 3438 482 3533 composite
498 3454 613 3524 aerate,
631 3437 803 3508 bonarum
818 3435 946 3509 artium
969 3434 1112 3531 cupiens

129 3577 220 3650 erat,
239 3556 425 3630 imminuta
451 3561 550 3629 mens
573 3554 646 3654 ejus
663 3555 806 3629 obstitit.
855 3555 916 3630 Sin
930 3576 1030 3630 extra
1046 3558 1112 3631 do-

129 3704 233 3753 mum
251 3675 421 3753 successor
436 3698 659 3777 quereretur,
683 3704 728 3752 ne
752 3677 925 3752 memoria
943 3680 1107 3779 Augusti,

130 3822 177 3871 ue
205 3817 337 3876 nomen
367 3797 543 3877 Caesarum
568 3799 608 3874 'in
636 3799 789 3876 ludibria
816 3805 850 3877 ἃ
879 3801 1110 3879 contumelias
