2760 4718
258 341 328 437 258
450 336 491 409 C.
532 336 799 424 Conunatt
838 334 1043 410 T'Actr'r

72 495 81 511 '
173 546 179 556 »
256 509 634 606 bellum‘permitteret.
696 509 825 606 Neque
848 505 982 582 senatbs
1005 509 1042 582 in
1061 533 1104 582 eo
1135 537 1242 607 cura,

199 631 201 636 ’
257 655 301 703 an
323 628 458 725 imperii
475 650 632 703 extrema
648 628 975 704 dehonestarentur:
1003 655 1112 734 pavor
1129 632 1245 708 inter·

257 776 322 826 nus
343 768 588 846 ,occupaverat
615 748 769 839 animos,
795 749 851 823 cui
885 750 1079 824 'remedium
1095 734 1096 743 ἵ
1112 754 1243 829 adula-

247 871 353 944 tione
375 872 604 967 quaerebatur.
654 871 719 959 Ita,
739 895 955 968 quamquam
973 869 1114 946 diverfis
1130 871 1244 970 super

166 1081 169 1084 .
257 993 360 1065 rebus
393 987 664 1079 consulerentur,
704 996 730 1031 “
756 1014 851 1063 aram
878 990 1099 1082 Clementia,
1138 1018 1243 1070 aram

257 1117 286 1154 “
304 1108 496 1199 Amicitiae,
525 1108 722 1208 effigiesque
738 1110 873 1185 circum
888 1113 1027 1187 Caesaris
1044 1138 1084 1186 ac
1100 1111 1245 1211 Sejani''

256 1228 434 1306 censuere:
462 1228 656 1327 crebrisque
680 1230 840 1328 precibus
858 1233 1109 1333 efflagitabant:
1137 1242 1165 1277 “
1183 1236 1239 1308 vi-

257 1359 284 1395 “
303 1350 399 1424 [endi
422 1348 473 1422 sui
499 1349 636 1446 copiam
660 1348 848 1426 facerent.''
897 1357 984 1428 Non
999 1355 1050 1428 illi
1064 1375 1181 1430 tamen
1199 1357 1236 1430 in

256 1475 408 1563 Urbem,
435 1491 494 1545 aut
517 1470 712 1569 propinqua
739 1474 833 1549 Urbi
858 1476 1005 1574 degressi
1029 1476 1124 1550 sunt:
1158 1477 1238 1552 satis

258 1593 387 1683 visum,
412 1590 569 1665 omittere
591 1589 753 1683 insulam,
780 1598 814 1667 br
837 1595 874 1668 in
898 1596 1062 1694 proximo
1085 1599 1237 1696 Campa-

256 1714 323 1790 niae
349 1712 476 1811 aspicit
504 1710 547 1785 eb
563 1711 682 1814 venire
707 1735 833 1812 patres,
864 1712 982 1815 eq'ues,
1008 1743 1135 1817 magna
1156 1744 1238 1816 pars

256 1835 382 1932 plebis,
400 1831 495 1906 anxii
506 1934 509 1943 k
519 1857 603 1932 erga
619 1831 798 1931 Sejanum,
827 1833 924 1934 cujus
938 1837 1058 1911 durior
1073 1837 1236 1937 congres-

255 1954 324 2044 sus,
350 1974 453 2052 atque
471 1953 513 2027 eb
538 1939 599 2051 per
614 1939 801 2046 ambitum,
835 1937 1048 2031 &soeietate
1076 1959 1236 2032 consilio·

254 2098 334 2147 rum
358 2076 551 2170 parabatur.
601 2074 687 2148 Satis
710 2074 887 2149 constabat
907 2078 1050 2150 -austam
1071 2077 1103 2149 ei
1130 2079 1237 2151 adro·

256 2192 424 2294 gantiam,
466 2191 604 2271 foedum
636 2194 722 2268 illud
762 2193 799 2268 in
840 2196 1024 2290 propatulo
1057 2194 1235 2274 servitium

254 2314 441 2413 spectanti:
460 2315 593 2414 quippe
611 2319 751 2407 Roma,
768 2313 854 2388 sueti
869 2311 1051 2402 discursus;
1077 2320 1110 2389 ἃ
1128 2340 1232 2416 mag-

161 2452 165 2459 '
208 2487 212 2495 -
257 2435 415 2511 nitudine
433 2436 541 2510 Urbis
568 2436 755 2527 incertum,
781 2437 878 2535 quod
899 2434 1042 2535 quisque
1059 2437 1103 2509 ad
1119 2461 1233 2536 nego-

256 2557 346 2630 tium
379 2576 513 2656 pergat.
579 2556 634 2630 Ibi
665 2581 808 2655 camp0,
849 2577 909 2631 aut
937 2557 1037 2631 litore
1065 2554 1235 2654 jacentes,
1330 2554 1333 2558 “

256 2677 354 2751 nullo
372 2674 577 2766 discrimine,
601 2678 741 2751 nortem
765 2702 806 2750 ac
822 2677 931 2769 diem,
947 2676 1052 2775 juxta
1070 2677 1234 2777 gratiam,

254 2817 313 2873 aut
340 2794 649 2894 fastus-janitorum
668 2796 972 2893 perpetiebantur:
999 2799 1111 2872 donec
1126 2799 1237 2898 idque

254 2918 416 3006 vetitum,
436 2921 470 2988 δι
488 2921 650 2991 revenere
671 2917 707 2989 in
728 2919 869 2992 Urbem
890 2917 1029 3016 trepidi,
1056 2944 1143 3017 quos
1161 2946 1236 2994 non

254 3040 425 3128 sermone,
454 3063 525 3110 non
556 3036 646 3135 visu
662 3036 828 3137 dignatus
854 3059 944 3112 erat:
973 3037 1118 3137 quidam
1141 3041 1234 3114 male

206 3170 208 3175 ’
254 3163 395 3250 alacres,
412 3157 540 3256 quibus
554 3156 709 3233 infaustae
726 3157 886 3234 amicitiae
902 3159 1017 3259 gravis
1034 3160 1148 3235 exitus
1165 3160 1234 3235 im-

251 3275 416 3354 minebat.
600 3272 607 3285 ⁴

301 3402 455 3472 LXXVt
496 3388 693 3474 Cerenuu
729 3397 892 3473 Tiberius
925 3420 1066 3498 neptem
1103 3401 1269 3499 Agrip..

250 3517 385 3616 pinam,
411 3511 620 3594 Germanico
647 3538 775 3610 ortam,
804 3519 888 3593 crim
913 3521 1030 3594 coram
1055 3522 1120 3593 Cn.
1153 3523 1232 3591 Do·

134 3692 136 3706 .
249 3637 349 3711 mitio
370 3640 571 3732 tradidisset,
596 3640 632 3713 in
658 3643 760 3714 Urbe
788 3641 949 3714 celebrari
970 3639 1104 3737 nuptias
1119 3635 1231 3732 jussit.
1264 3691 1267 3695 Δ
1299 3682 1302 3688 ·

248 3760 290 3836 In
302 3756 478 3881 Dumitio,
492 3756 593 3859 super
609 3760 818 3879 vettuiatem
829 3760 976 3860 generis,
989 3756 1231 3860 propinquum
