2760 4718
364 371 675 443 Annnsrunr
708 367 819 445 Lrs.
845 369 907 444 IV.
1028 467 1032 478 θ
1080 401 1146 469 241

168 543 332 617 ficantem
349 542 434 640 patri
452 543 593 641 reperit:
622 570 694 643 quo
712 541 810 616 initio
834 541 991 632 invidia,
1019 549 1046 586 “
1065 545 1152 617 Non

171 669 199 705 “
218 662 393 761 ejusdem’'
411 664 458 736 ait
470 647 473 657 ¹
485 673 511 707 “
526 667 676 738 madore
693 665 777 737 divo
795 663 958 762 Augusto
974 662 1149 752 vidimas,

169 790 197 826 ‘⁶
217 789 250 856 ἃ
274 783 426 880 posteros
442 783 514 882 ejus
538 784 716 858 insedari:
746 811 818 858 non
836 785 871 857 in
889 783 1021 881 effigies
1039 803 1152 856 mutas

169 903 378 987 “divinum
412 903 574 1002 spiritum
607 903 837 991 transfusum
874 904 932 977 sed
958 903 1151 1002 imaginem

168 1033 195 1068 “
216 1051 348 1115 veram,
376 1025 501 1099 caelesti
526 1023 692 1123 sanguine
718 1049 843 1114 ortam,
869 1023 1062 1122 intelligere
1085 1022 1175 1097 dis·¹

167 1154 195 1188 “
223 1146 372 1233 crimen,
413 1143 582 1240 suscipere
615 1143 765 1218 sordes.
795 1145 933 1219 Frustra
965 1145 1152 1223 Pulchram

159 1260 196 1309 '“
216 1262 401 1362 praescribi,
431 1263 488 1337 cui
506 1262 576 1337 sola
592 1265 690 1338 exitii
707 1266 807 1358 causa
825 1270 875 1354 srt,
902 1266 999 1363 quod
1016 1265 1150 1363 Agrip·

168 1394 197 1429 “
225 1386 345 1481 pinam
363 1384 463 1457 stulte
487 1385 618 1482 prorsus
634 1388 678 1458 ad
696 1389 829 1460 cultum
845 1386 1027 1485 delegerit,
1045 1387 1152 1460 oblita

169 1514 198 1550 ‘⁶
215 1509 317 1579 Sosrae
346 1508 393 1579 ob
424 1507 545 1580 eadem
565 1507 760 1581 adflictae?
822 1508 957 1582 Audita
991 1509 1065 1580 baec
1094 1533 1149 1579 ra-

165 1655 241 1701 ram
258 1626 388 1701 occulti
417 1627 566 1723 postoris
587 1653 712 1700 vocem
743 1627 905 1717 elicuere,
937 1647 1149 1724 correptam.-

168 1774 237 1847 que
270 1751 398 1821 Graeco
426 1745 522 1820 versu
552 1728 759 1822 admonuit:
787 1751 853 1820 idco
883 1751 966 1833 lade,
991 1754 1066 1847 quia
1094 1775 1151 1820 nan

166 1870 325 1965 regnaret.
375 1869 526 1941 Pulchra
553 1872 585 1940 &
608 1870 756 1945 Furnius
773 1871 993 1943 damnantur.
1045 1871 1147 1961 Afer,

166 1988 378 2086 primoribus
405 2012 582 2079 oratorum
607 1991 758 2079 additus,
784 1980 967 2089 diuulgato
991 1992 1148 2089 ingenio,
1196 2038 1197 2041 =

166 2114 200 2182 δι
218 2109 331 2184 securas
348 2110 605 2184 adseveratione
622 2109 779 2202 Caesaris,
795 2117 865 2210 qud
884 2120 910 2155 “
929 2113 988 2186 suo
998 2111 1077 2211 jure
1095 2112 1149 2186 di·

166 2238 193 2273 “
212 2231 365 2305 sertum''
381 2257 461 2306 eum
480 2232 688 2329 appellavit:
717 2259 803 2305 mox
822 2234 1031 2330 capessendis
1047 2261 1150 2308 accu-

165 2351 364 2444 sationibus,
388 2373 446 2426 aut
471 2356 546 2424 reo‘s
569 2353 730 2441 tutando,
754 2352 967 2450 prosperiore
984 2355 1169 2450 eloquent
1203 2365 1205 2371 “

164 2471 221 2545 tiae
244 2473 354 2569 quam
381 2497 522 2544 morum
549 2471 641 2546 famas
668 2471 750 2546 suit:
779 2472 839 2545 nisr
862 2472 958 2570 qudd
984 2493 1065 2545 aetas
1087 2496 1149 2545 ex·
1204 2552 1205 2559 χ

166 2611 279 2664 trema
305 2592 460 2665 multum
490 2591 595 2664 etiam
629 2594 836 2695 eloquentiae
870 2595 1033 2690 dempsit,
1063 2594 1151 2668 dum

166 2707 249 2783 sess&
266 2731 383 2784 mente
408 2712 530 2786 retinet
553 2715 672 2787 filentii
686 2714 954 2813 impatientiam.

216 2833 315 2907 Llll.
342 2838 402 2906 Ar
422 2839 670 2924 nomisma,
690 2835 856 2932 pervicax
874 2835 948 2924 irae,
968 2839 1001 2907 δι
1023 2834 1150 2908 morbo

165 2950 318 3048 corporis
345 2953 536 3051 implicata,
567 2958 649 3029 cum
677 2953 799 3028 viseret
823 2981 899 3028 eam
917 2953 1041 3044 Caesar,
1068 2981 1151 3051 pro·

164 3070 245 3146 fusas
267 3072 329 3144 diu
351 3099 390 3147 ac
409 3099 468 3170 per
487 3077 655 3150 silentium
677 3075 843 3165 lacrimis,
869 3103 956 3149 mox
980 3075 1150 3148 invidiam

166 3197 200 3266 ἃ
220 3218 337 3302 preces
369 3196 522 3270 orditur:
564 3195 807 3270 “subveniret
836 3187 1026 3284 solitudini,
1052 3196 1149 3267 daret

168 3319 197 3355 “
216 3312 403 3388 maritum:
431 3316 584 3391 habilem
601 3318 716 3391 adhuc
726 3315 912 3415 juventam
932 3315 1015 3400 srbi;
1035 3340 1150 3412 neque
1178 3333 1186 3376 t

167 3433 307 3506 “aliud
337 3436 469 3534 probis,
504 3439 612 3535 qu‘arn
641 3463 686 3511 ex
719 3435 939 3510 matrimonio
967 3433 1146 3508 solatium:

166 3561 194 3598 “
212 3556 280 3628 esse
304 3553 340 3629 in
362 3555 516 3645 civitate,
551 3557 612 3655 qui
642 3556 843 3631 Germanici
872 3556 1071 3656 conjugem,
1105 3582 1147 3631 ac

166 3677 338 3752 “liberos
363 3675 436 3775 ejus
454 3677 603 3775 recipere
622 3677 886 3775 dignarentur.·''
935 3679 1002 3761 Sed
1018 3675 1146 3765 Caesar,

163 3823 236 3873 non
252 3797 392 3899 ignarus
409 3818 582 3897 quantum
604 3823 649 3871 ex
673 3795 854 3895 republicd
875 3817 1073 3896 peteretur3
1103 3820 1149 3868 ne

645 3923 683 3994 R
