2834 4732
351 326 702 398 ,nnumin
736 327 848 399 Lrt.
872 326 899 396 Ι.
984 393 989 408 ,
1102 352 1147 423 41

218 497 388 577 valll,
414 504 476 574 Ar
504 503 792 594 Gununurcus,
819 485 1037 601 quamquam
1065 529 1150 580 ton.

167 623 276 710 meto
307 620 479 713 exercitu,
516 626 549 697 δι
579 627 695 722 parati
724 624 760 696 in
786 622 974 697 defeetores
1002 622 1148 717 ultione,

166 743 325 818 dandum
336 746 459 818 ,adhuc
483 744 634 843 spatium
652 767 757 836 ratus,
785 749 808 818 s1
831 745 959 821 recenti
973 748 1151 853 ¹exemplo

166 864 228 940 fibi
256 864 320 964 ipsr
347 865 576 957 consulerent,
603 868 783 964 praemittit
816 860 929 940 literas
961 873 1007 943 ad
1039 868 1152 942 Caeci-

167 1011 265 1077 nam,
294 987 454 1060 “venire
478 987 512 1060 se
536 988 653 1062 valida
675 1015 795 1079 manu,
823 1014 864 1063 ac
888 988 924 1061 ni
941 987 1152 1085 supplicium

81 1121 86 1132 ‘
168 1108 247 1182 “in
264 1109 376 1182 malos
392 1108 613 1207 praesumant,
639 1108 781 1209 usurunr
811 1107 1004 1206 promiscuit
1019 1110 1152 1183 caede''.

168 1232 238 1303 Eas
269 1231 411 1306 Caecina
447 1230 635 1329 aquiliferis
674 1228 918 1329 signiferisque,
962 1233 1011 1319 &,
1054 1232 1151 1329 quod

168 1351 324 1426 maxime
341 1352 527 1424 castrorum
546 1343 714 1426 fincenim
741 1372 825 1443 erat,
851 1351 989 1424 occulte
1006 1352 1150 1439 recitat3

173 1478 327 1570 “utque
343 1474 486 1545 cunstos
507 1470 673 1562 insamiae,
695 1470 821 1569 seipsos
846 1470 949 1545 morti
972 1471 1153 1548 eximant''

133 1646 135 1650 v
170 1595 351 1667 hortaturt
380 1599 504 1666 “nam
531 1592 567 1665 in
589 1619 674 1691 pace
698 1591 812 1667 causas
831 1597 864 1666 &
882 1591 1004 1666 merita
1020 1591 1151 1691 speeta-

173 1720 203 1757 “
213 1712 267 1788 ri:
294 1713 357 1787 ubi
386 1716 520 1788 bellurn
548 1696 698 1813 ingruat,
724 1713 924 1787 innocentes
957 1739 997 1787 ac
1026 1715 1152 1790 noxios

167 1833 312 1934 “juxti
337 1836 496 1909 cadere'’.
546 1834 615 1925 Illi,
643 1833 782 1909 tentatis
810 1860 898 1932 quos
928 1835 1072 1909 idoneos
1098 1861 1152 1910 re·

170 1957 311 2046 bantur,
340 1954 526 2054 postquam
552 1955 720 2055 majorem
748 1955 929 2054 legionum
956 1977 1089 2054 partem
1116 1958 1153 2031 in
1211 1980 1213 1985 ’

167 2076 284 2152 officio
300 2077 445 2165 vident;
472 2080 517 2152 de
540 2076 708 2152 sententis
735 2077 853 2177 legati,
879 2078 1152 2154 statuunttem-

168 2225 246 2299 pus,
265 2227 338 2299 quo
350 2199 580 2274 soediffimum
594 2224 774 2297 quemque
792 2205 825 2273 &
837 2198 995 2273 seditioni
1007 2226 1152 2300 promp-
1250 2205 1252 2216 ’

168 2339 245 2396 turn
262 2322 352 2396 ferro
381 2322 561 2394 invadant.
611 2323 731 2410 Tunc,
759 2324 856 2419 figno
881 2321 969 2399 inter
996 2320 1029 2395 se
1054 2325 1152 2414 dato,

95 2456 105 2471 '
167 2440 375 2540 inrumpunt
393 2442 634 2532 contubernia,
657 2441 832 2516 trucidant
850 2441 1011 2543 ignaros:
1039 2445 1152 2535 nullo,
1259 2444 1265 2459 ¹

168 2561 231 2634 nifi
257 2561 413 2653 consciis,
440 2563 601 2642 noscente
628 2566 726 2662 quod
759 2563 863 2640 caedis
891 2564 1045 2657 initium,
1073 2564 1154 2663 quis
1176 2563 1183 2573 “

170 2680 262 2758 finis.
1141 2687 1153 2709 ⁸

215 2807 355 2881 XLIX.
382 2808 568 2881 Drvnnsn
597 2805 774 2897 omnium,
802 2833 881 2906 quae
899 2833 1071 2904 umquam
1095 2833 1153 2880 at·

49 3011 59 3026 ἱ
171 2925 299 3015 cidere,
338 2928 498 3002 civilium
531 2955 708 3002 armorum
741 2926 864 3002 facies:
904 2954 975 3000 non
1012 2926 1151 3025 proeli0‚

47 3135 52 3146 ι
146 3057 151 3068 ’
169 3070 244 3119 non
259 3043 406 3118 adverus
423 3071 443 3118 e
458 3048 584 3139 eastris,
600 3050 657 3124 sed
675 3049 797 3124 iisdem
814 3076 834 3124 e
850 3049 1039 3138 cubilibus,
1053 3066 1149 3145 vquos

168 3167 271 3241 simul
289 3162 465 3241 vescentes
480 3167 567 3260 dies,
594 3174 692 3247 sunul
710 3171 847 3270 quietus
874 3197 948 3246 nox
972 3170 1152 3259 habuerat,

170 3286 353 3364 discedunt
379 3289 416 3362 in
445 3310 570 3387 partes,
597 3291 759 3393 ingerunt
783 3296 875 3367 tela:
904 3296 1048 3379 clamor,
1075 3292 1153 3364 vul-

171 3433 268 3500 nera,
303 3407 439 3509 sanguis
467 3415 607 3511 palam3
646 3413 746 3489 causa
768 3414 810 3505 in
839 3417 1002 3489 occulto:
1043 3433 1155 3488 cetera

159 3527 238 3631 sors
265 3530 379 3630 regit:
408 3535 604 3633 &quidam
634 3538 808 3610 bonorum
836 3539 925 3625 caesr,
953 3535 1152 3634 postquam,

167 3649 345 3727 intellecto
361 3652 398 3728 in
421 3680 509 3754 quos
531 3655 718 3748 saeviretur,
746 3655 878 3754 peffimi
896 3682 1040 3757 qnoque
1057 3682 1152 3730 arma

168 3791 362 3876 rapuerant.
413 3775 543 3879 Neque
559 3780 709 3879 legatus,
735 3799 796 3855 aut
817 3777 977 3854 tribunus
994 3781 1152 3880 modern-
