2796 4724
254 368 323 443 ¹34
487 342 1110 431 .C.Conns,s11'Tnc1r1-

251 527 343 591 erat:
380 521 413 590 &
449 513 561 590 Caesar
596 502 755 615 quamvis
814 516 1059 615 postumum,
1111 522 1226 598 decies

251 636 388 712 sestertii
412 637 497 710 dote
518 635 642 710 solatus
664 637 723 711 est.

311 759 538 833 LXXXVII.
594 761 807 834 vasssnm
856 787 1004 835 annonae
1026 755 1031 768 ⁸
1051 761 1228 838 incusante

251 881 367 977 plebe,
405 877 522 951 statuit
554 877 729 959 frumento
768 880 921 977 pretium
956 884 1052 980 quod
1088 904 1226 981 emptor

251 1003 429 1097 penderet,
457 1006 484 1041 “
503 998 670 1098 binosque
688 1027 850 1075 nummos
880 1001 914 1076 se
943 1003 1146 1100 additurum
1163 1031 1225 1078 ne·

251 1129 283 1219 “¹
299 1119 528 1218 gotiatoribus
556 1121 593 1194 in
622 1124 772 1220 fingulos
802 1123 976 1196 modios.''
1024 1126 1152 1222 Neque
1174 1146 1226 1200 ta'·

250 1266 332 1320 men
358 1244 406 1315 ob
435 1267 474 1314 ea
491 1246 636 1338 parentis
672 1246 803 1340 patriae,
844 1245 1000 1317 delatum
1037 1249 1070 1317 δι
1110 1268 1225 1340 antea,
1300 1290 1302 1296 2

249 1364 464 1436 vocabulum
493 1362 692 1460 adsumpsrt,
726 1366 920 1462 acerbeque
949 1364 1121 1462 increpuit
1155 1394 1256 1459 eos„

175 1582 177 1587 ι
250 1483 311 1581 qui
345 1487 472 1555 diuinas
490 1489 722 1585 occupationes,
753 1483 937 1583 ipsumque
968 1488 1120 1560 dominum
1148 1488 1228 1561 dix·

249 1625 368 1679 erant:
397 1607 492 1677 unde
508 1605 656 1702 angusta
689 1610 721 1678 &
750 1580 885 1681 lubrica
912 1607 1020 1680 oratio
1047 1607 1110 1682 sub
1127 1584 1227 1682 Prin-

250 1726 341 1823 cipe,
393 1725 454 1823 qui
510 1724 705 1798 libertatem
751 1730 965 1818 metuebats
992 1729 1228 1803 adulationem

140 1930 142 1932 v
249 1849 380 1921 oderat.

297 1969 543 2065 LXXXVIII.
576 1972 761 2042 Rsnnnso
791 1973 887 2066 apud
920 1970 1104 2068 scriptores
1133 1970 1228 2045 sena·

248 2085 404 2185 toresque
454 2091 658 2162 eorumdem
702 2109 916 2185 tempomm,
964 2091 1225 2194 Adgandestrii,

212 2244 213 2247 ¹
250 2207 416 2306 principis
432 2210 629 2298 Cattorum,
660 2209 761 2282 lenas
790 2208 825 2280 in
846 2207 963 2281 senatu
990 2208 1116 2297 literas,
1144 2208 1225 2306 qui·

249 2332 315 2403 bus
345 2336 543 2405 “mortem
569 2328 743 2403 Arminii''
787 2329 1023 2427 promittebat,
1059 2332 1128 2401 “ss
1162 2355 1225 2426 pas

251 2458 278 2494 “
296 2452 427 2553 trandae
444 2450 521 2524 neci
538 2477 711 2526 venenum
737 2451 932 2525 mitteretur
948 2453 984 2524 :''
1010 2449 1225 2547 responsum·
1253 2547 1262 2560 x
1334 2464 1336 2468 ’

249 2598 319 2670 que
352 2573 432 2662 esse,
474 2578 590 2645 “non
634 2571 769 2662 sraude,
809 2596 924 2670 neque
962 2570 1122 2660 occultis,
1169 2569 1228 2644 scd

250 2701 277 2737 “
297 2693 464 2789 palam&
482 2712 654 2765 armatum
678 2695 849 2789 populum
879 2697 1085 2767 Romanum
1114 2691 1229 2766 hostes

198 2814 209 2835 ”
251 2821 278 2855 “
294 2813 375 2888 suos
398 2811 516 2885 ulcisci
525 2815 566 2885 ‘z'’
608 2811 806 2910 qusglorid
821 2815 982 2910 aequabat
1006 2810 1040 2884 se
1063 2810 1229 2884 Tiberius

251 2932 367 3031 priscis
397 2933 676 3029 imperatoribus,
700 2932 761 3029 qui
788 2957 965 3006 venenum
993 2931 1030 3005 in
1048 2909 1230 3027 ‘Pyrrhum
1301 2950 1305 2956 “

212 3068 214 3072 “
250 3079 371 3152 regem
388 3073 592 3142 vetuerant,
608 3048 914 3151 prodiderantque.
965 3053 1131 3126 Ceterum
1160 3058 1227 3126 Ar·

205 3275 207 3279 ¹
251 3174 392 3262 minius,
419 3171 682 3245 abscedentibus
700 3172 887 3262 Romanis,
918 3178 951 3246 &
978 3172 1076 3272 pulso
1103 3175 1226 3246 Maro·
1341 3167 1346 3187 ⁸

252 3296 385 3384 boduo,
431 3318 580 3390 regnum
607 3288 798 3381 adfedtans,
825 3292 1018 3366 libertatem
1053 3291 1228 3390 populari·

233 3436 313 3481 um
353 3411 530 3485 adversam
562 3409 709 3484 habuit:
749 3411 943 3510 petitusque
986 3413 1103 3504 armis,
1145 3414 1228 3485 cum
1301 3402 1303 3407 ’
1394 3450 1396 3459 r

252 3528 345 3603 varis
370 3530 506 3606 sortuns
528 3551 683 3620 certaret,
714 3533 798 3603 dolo
828 3532 1105 3630 propinquorum
1138 3529 1226 3601 ceci-

252 3648 330 3721 dit:
374 3648 535 3725 liberator
573 3654 667 3725 haud
700 3650 808 3724 dubie
837 3652 1048 3740 Germania,
1086 3653 1119 3720 δι
1163 3648 1225 3744 qui

247 3794 323 3843 non
350 3767 537 3867 primordia
566 3771 688 3869 populi
718 3771 887 3862 Romani,
923 3774 1004 3843 srcut
1037 3767 1094 3841 alii
1127 3793 1226 3868 reges
