2512 4696
367 365 693 471 'Arimin
726 358 836 436 Lrs.
861 358 924 435 111.
1100 369 1166 468 163
1200 340 1203 346 ,

233 536 407 614 XXXIII.
429 537 554 612 suren
585 555 664 635 quae
692 536 836 611 Severus
857 535 998 610 Caecina
1025 538 1167 633 censuit,

187 667 214 704 “
230 682 398 757 nequem
415 657 671 759 magistratum,
694 657 752 730 cui
766 658 947 755 provincia
959 660 1167 753 obvenisset,

184 787 327 854 “uxor
364 781 590 855 comitaretur
606 780 644 850 :''
693 779 845 853 multum
884 779 962 852 ante
1003 780 1167 877 repetito,

184 904 441 977 “concordem
466 901 528 976 fibi
553 897 758 999 conjugem,
787 905 820 974 δι
845 897 905 974 sex
929 920 1045 999 partus
1068 901 1167 975 enix-

183 1030 211 1068 “
227 1051 311 1098 am:
339 1023 458 1123 seque,
487 1049 567 1122 quae
593 1021 629 1094 in
654 1021 836 1119 publicum
865 1020 1041 1113 statueret,
1068 1022 1168 1098 domi

185 1151 212 1188 “
228 1144 422 1236 servavisse,
456 1143 611 1218 cohibita
642 1143 730 1218 intra
762 1142 913 1235 Italiam,
950 1159 1169 1243 quamquam

184 1271 212 1308 “
230 1264 302 1365 ipse
319 1266 434 1364 plures
452 1290 513 1364 per
530 1265 727 1361 provincias
744 1248 975 1364 quadraginta
999 1264 1169 1363 stipendia

99 1386 100 1391 ’
185 1394 214 1431 “
232 1387 444 1485 explevisset.
494 1384 609 1463 Haud
624 1387 718 1494 enim
736 1384 859 1459 frustra
878 1377 1044 1482 placitum
1064 1387 1166 1479 olim,

185 1514 213 1550 “
232 1534 276 1581 ne
292 1507 430 1581 seminae
452 1507 488 1582 in
509 1504 618 1581 socios
641 1527 703 1580 aut
727 1528 848 1606 gentes
872 1529 1030 1580 externas
1055 1510 1167 1582 trahe·

184 1634 213 1670 “
232 1650 375 1703 rentur:
403 1629 506 1702 inesse
523 1623 709 1703 mulierum
726 1627 921 1719 comitatui,
950 1655 1035 1726 quas
1044 1653 1167 1725 pacem

184 1756 212 1792 “
230 1740 332 1842 luxu,
362 1748 496 1823 bellum
520 1747 708 1823 formidine
738 1771 932 1841 morentur,
969 1754 1003 1823 δι
1031 1753 1166 1824 Roma-
1240 1816 1244 1823 r

184 1878 316 1946 “num
345 1896 474 1970 agmen
499 1872 544 1944 ad
572 1870 831 1944 similitudinem
856 1869 994 1945 barbari
1019 1869 1168 1944 incessns

183 1997 457 2075 “convertant
496 1993 584 2067 Non
598 1992 815 2091 imbecillum
828 1991 980 2082 tantbm,
1008 1991 1167 2089 &impa-

183 2119 300 2187 “rem
318 2112 498 2188 laboribus
517 2105 663 2200 sexum3
689 2109 762 2203 sed,
789 2111 968 2187 filicentia
983 2114 1081 2203 adsrt,
1107 2106 1167 2187 sae·

181 2239 209 2277 “
225 2261 325 2328 vum,
352 2232 592 2323 ambitiosum,
621 2233 795 2332 potestatis
812 2235 977 2309 avidum:
1004 2233 1168 2307 incedere

131 2342 133 2348 Κ
181 2360 208 2398 “
224 2356 314 2432 inter
340 2355 485 2447 milites,
516 2358 646 2430 habere
674 2357 718 2429 ad
744 2381 891 2429 manum
920 2352 1166 2428 centuriones:

182 2481 209 2520 “
227 2475 422 2575 praesediffe
447 2501 560 2574 nuper
584 2473 754 2550 seminam
775 2475 938 2551 exercitio
954 2471 1165 2564 cohortium,

133 2581 138 2587 ⁴
184 2603 212 2640 “
231 2594 380 2670 decursu
393 2596 597 2695 legionum.v
624 2596 915 2698 Cogitarentipsr,
941 2593 1101 2694 quotiens
1114 2619 1168 2666 re-

184 2721 212 2760 “
230 2717 464 2813 petundarum
482 2718 590 2817 aliqui
607 2717 849 2818 arguerentur,
876 2719 977 2816 plura
998 2713 1167 2803 uxoribus

186 2843 215 2878 “
232 2835 416 2936 objectari:
457 2839 510 2914 his
543 2839 657 2913 statim
670 2837 915 2913 adhaerescere
942 2833 1169 2909 deterrimum

186 2961 214 2999 “
233 2981 411 3055 quemque
425 2959 714 3055 provincialium:
746 2963 792 3034 ab
807 2960 861 3033 his
877 2957 1019 3057 negotia
1028 2953 1167 3052 suscipi,

186 3082 215 3120 “
232 3076 398 3175 transigi:
429 3079 580 3153 duorum
597 3082 751 3181 egressus
766 3080 849 3172 coli,
875 3082 948 3154 duo
961 3081 1028 3152 esse
1041 3097 1167 3175 praeto-

186 3203 214 3241 “
234 3197 308 3284 ria3
337 3197 576 3296 pervicacibus
593 3199 757 3301 magis&
775 3199 1026 3299 impotentibus
1043 3197 1168 3271 mulie·

132 3395 135 3400 ,
187 3322 216 3361 “
234 3344 315 3391 rum
326 3314 436 3417 jussis,
465 3346 545 3418 quae
561 3322 687 3421 Oppiis
700 3323 908 3421 quondam,
924 3317 1065 3415 aliisque
1082 3318 1168 3418 legi-

186 3446 214 3483 “
233 3442 299 3514 bus
317 3440 524 3532 constrislae,
551 3468 656 3534 nunc,
684 3434 807 3517 vinclis
827 3439 1001 3530 exsolutis,
1027 3438 1169 3533 domos,

187 3568 214 3605 “
231 3560 319 3652 fora,
340 3557 417 3658 jam
435 3567 470 3635 lle
489 3563 659 3638 exercitus
677 3563 873 3663 regerent.’'

232 3685 408 3759 XXXIV.
453 3683 682 3757 Pnoconum
721 3685 800 3757 haec
841 3677 983 3755 adsensu
1027 3679 1145 3753 audita
1157 3706 1170 3763 ;

190 3806 304 3900 plures
317 3807 569 3897 obturbabant,
600 3809 627 3847 “
641 3806 772 3902 Neque
784 3803 937 3878 relatum
948 3804 993 3877 de
1004 3797 1171 3897 negotio;

603 3928 653 4002 M
680 3951 700 3998 2
