2834 4732
344 351 657 420 Auusssuu
691 345 807 420 Lss.
837 345 868 418 1.
1036 358 1133 451 '45

155 522 294 615 saevitiae
334 520 372 595 in
410 522 656 620 Sempronium
683 523 876 611 Graccum,
906 522 968 619 qui
1001 522 1135 605 familia

154 644 278 735 nobili,
297 642 400 718 solers
418 644 577 744 ingenio,
596 648 630 718 δι
645 645 748 742 prave
765 641 951 734 facundus:
969 649 1139 723 eamdem·

154 767 288 863 Juliam
306 765 344 839 in
363 765 588 840 matrimonio
605 767 662 839 Μ.
681 765 851 865 Agrippae
879 783 1130 844 temeraverat:

154 916 218 964 nec
245 889 274 963 is
301 888 442 963 libidini
459 889 563 975 linis:
591 885 754 961 traditam
777 885 935 975 Tiberio,
966 889 1137 985 pervicax·

153 1013 290 1085 adulter
311 1009 534 1085 contumacis:
559 1013 592 1083 δι
622 1007 711 1082 odiis
728 1006 763 1080 in
781 1005 946 1080 maritum
964 1014 1134 1086 accende·
1233 993 1235 996 Α

153 1135 212 1206 bat
224 1163 236 1219 ;
278 1132 470 1229 literaeque,
499 1157 587 1229 quas
614 1128 710 1227 Julia
744 1127 829 1226 patri
854 1128 1019 1227 Augusto
1048 1158 1133 1209 curn

153 1252 376 1328 infestatione
392 1251 528 1326 Tiberii
561 1249 702 1347 scripfit,
730 1275 752 1322 a
779 1251 917 1322 Grac'co
934 1257 1134 1349 compositae

154 1377 396 1448 credebantur.
461 1373 574 1472 Igitur
606 1393 743 1446 amotus
780 1371 979 1468 Cercinam,
1016 1371 1133 1452 Africi

155 1493 260 1568 maris
276 1493 437 1584 insulam,
473 1493 743 1591 quatuordecim
761 1492 859 1566 annis
892 1491 1051 1568 exsilium
1076 1508 1142 1570 to-'

156 1614 290 1688 leravit.
338 1616 445 1688 Tunc
459 1613 584 1687 milites
608 1616 651 1687 ad
681 1616 815 1689 caedem
831 1613 934 1705 misfi,
967 1614 1133 1693 invenere

155 1737 193 1810 in
221 1734 435 1833 prominenti
470 1734 577 1808 litoris
604 1735 692 1808 nihil
719 1736 839 1815 laetum
863 1735 1129 1833 opperientem:

155 1881 309 1954 quorum
334 1857 487 1930 adventu
525 1863 553 1900 “
567 1858 669 1932 breve
692 1858 857 1955 tempus'’
881 1856 1020 1955 petivit,
1054 1868 1136 1936 “ut-

157 1983 186 2019 “
210 1975 370 2076 suprema
410 1978 577 2052 mandata
604 1977 706 2052 uxori
745 1977 898 2052 Alliariae
923 2005 985 2078 per
1018 1980 1132 2057 literas

155 2104 183 2142 “
206 2101 303 2173 daret
319 2098 357 2172 :''
400 2098 646 2198 cervicemque
690 2099 942 2198 percussoribus
986 2102 1130 2195 obtulit,

153 2220 341 2295 constantia
374 2219 495 2295 mortis
513 2221 609 2295 haud
626 2220 792 2320 indignus
826 2222 1034 2322 Sempronio
1066 2250 1131 2299 no·

152 2342 268 2429 mine3
294 2341 367 2417 viti
395 2344 679 2442 degeneraverat.
729 2341 887 2441 Qridam
919 2369 992 2418 non
1013 2345 1133 2419 Roma
1231 2336 1232 2339 ¹

152 2489 210 2539 eos
227 2464 368 2554 milites,
385 2463 444 2538 sed
462 2466 506 2539 ab
522 2465 571 2538 L.
584 2462 790 2562 Asprenate,
808 2463 1014 2562 proconsule
1035 2464 1132 2540 Afri-

154 2590 220 2674 cae3
239 2584 356 2658 miffos
374 2585 561 2675 tradidere,
586 2586 728 2659 audere
743 2583 904 2676 Tiberio,
923 2586 984 2686 qui
1000 2586 1132 2662 famam
1237 2626 1238 2629 ¹

153 2705 258 2779 caedis
284 2707 379 2805 poffe
404 2705 442 2780 in
466 2705 696 2807 Asprenatem
732 2707 836 2798 verti,
871 2706 992 2782 frustra
1018 2706 1131 2805 spera·

152 2848 259 2901 verat.
348 2881 350 2892 J
718 2901 727 2916 ,
1054 2906 1055 2911 ,

202 2949 299 3019 LlV.
331 2950 438 3021 lnam
465 2972 577 3022 annus
605 2976 714 3024 novas
741 2946 953 3022 caerimonias
979 2948 1130 3049 accepit,

153 3065 277 3161 addito
315 3064 488 3139 sodalium
533 3070 782 3170 Augustalium
820 3067 1040 3156 sacerdotio:
1090 3090 1131 3144 ut
1246 3174 1248 3177 ι

154 3187 337 3284 quondam
355 3187 403 3260 T.
419 3165 544 3261 Tatius
570 3182 756 3266 retinendis
777 3190 986 3290 Sabinorum
1014 3190 1133 3283 sacris,
1227 3227 1231 3237 >

114 3358 117 3362 -
151 3306 284 3381 sodales
306 3306 429 3384 Tatios
446 3309 660 3386 instituerat:
689 3311 776 3387 sorte
803 3312 902 3386 ducti
926 3339 945 3386 e
969 3311 1129 3410 primori-

152 3430 220 3503 bus
237 3429 386 3504 civitatis
410 3458 503 3505 unus
532 3437 565 3506 δι
592 3432 732 3532 viginti.
781 3433 960 3525 Tiberius,
983 3432 1129 3532 Drusus-

152 3575 237 3647 que,
281 3556 316 3626 &
344 3553 527 3644 Claudius,
568 3557 602 3626 δι
640 3553 873 3631 Germanicus
908 3554 1129 3656 adjiciuntur.

152 3673 276 3746 Ludos
294 3673 517 3773 Augustales,
543 3694 629 3748 tunc
656 3673 809 3771 primum
837 3698 956 3776 coepta
976 3677 1130 3754 turbavit

151 3791 333 3889 discordia,
352 3821 398 3871 ex
416 3777 605 3870 certamine
626 3794 843 3876 histrionum.
891 3799 1129 3877 Indulseratei
