2512 4696
189 534 256 652 o
379 456 1154 649 CORNELH

359 786 988 917 TACITI
1105 735 1157 888 Ὗ

300 1077 1049 1182 ANNALES.

366 1357 576 1430 Lmen
623 1352 978 1452 QUARTUS,

308 1587 311 1596 .
382 1553 969 1590 β*

190 1751 286 1900 C·
308 1797 465 1911 Asinm,
490 1820 532 1893 C.
557 1818 706 1894 Antistio
730 1818 941 1909 consulibus,
968 1845 1082 1894 nonus
1097 1820 1162 1892 Ti·

187 1945 284 2020 berio
311 1968 423 2016 annus
445 1961 515 2015 erat
543 1943 739 2038 compofitae
765 1939 982 2046 reipublicae,
1008 1941 1163 2017 florentis

184 2067 335 2139 dombs:
366 2055 692 2160 (nam'Germanici
718 2082 871 2136 mortem
896 2061 985 2136 inter
1004 2062 1164 2160 prospera

184 2189 353 2282 docebat)
378 2185 463 2259 etim
480 2183 619 2281 repente
635 2185 775 2256 turbare
791 2181 932 2257 fortuna
944 2183 1075 2280 coepit3
1102 2180 1162 2256 sae·

184 2308 258 2382 vire
276 2306 358 2406 ipse,
389 2325 450 2379 aut
466 2303 685 2377 saevientibus
703 2303 795 2377 vites
812 2304 979 2400 praebere.
1017 2303 1162 2374 Initium

93 2456 96 2459 “
155 2464 157 2466 ·
185 2433 219 2502 a
237 2426 338 2502 cansa
353 2449 460 2522 penes
478 2424 617 2498 AElium
642 2421 820 2521 sejanum,
847 2422 1050 2495 cohortibus
1073 2447 1162 2517 prae·

186 2547 282 2619 toriis
300 2543 524 2643 praefedum,
545 2541 643 2641 cujus
660 2546 705 2618 de
731 2543 885 2642 potentia
900 2541 1002 2641 supra
1025 2566 1162 2614 memo·

187 2665 286 2739 ravi:
326 2689 421 2738 nunc
454 2664 641 2763 originem,
672 2691 801 2755 mores,
834 2671 883 2754 &,
914 2689 987 2762 quo
1008 2660 1162 2736 facinore

187 2785 463 2860 dominationem
486 2808 624 2885 raptum
648 2786 739 2877 ierit,
766 2786 966 2884 expediam.
1016 2781 1163 2857 Genitos

187 2906 362 2995 Vulsiniis,
390 2927 485 3002 patre
506 2907 583 2983 Seio
610 2910 794 2997 Strabone,
829 2904 946 3004 equite
978 2908 1159 2994 Romano,

189 3029 223 3098 δι
242 3023 510 3122 primbjuventb
521 3029 564 3100 C.
580 3025 764 3119 Caesarem,
791 3026 866 3101 divi
886 3024 1036 3126 Augusti
1054 3036 1178 3121 nepo·¹

187 3167 275 3237 tem,
300 3145 457 3236 sedatus,
487 3172 560 3220 non
575 3151 655 3221 ·s1ne
683 3175 823 3222 rumore
849 3147 977 3246 Apicio
997 3143 1098 3218 diviti
1128 3148 1161 3218 δι

188 3267 340 3366 prodigo
368 3264 527 3363 stuprum
555 3293 648 3340 veno
675 3270 829 3343 dediffe:
863 3293 949 3341 mox
976 3266 1161 3344 Tiberium
1210 3284 1212 3289 '

185 3386 290 3461 variis
307 3385 437 3460 artibus
453 3387 613 3461 devinxit
640 3390 742 3480 adeo,
767 3411 808 3465 ut
834 3385 1021 3462 obscurum
1038 3387 1161 3461 adver·

187 3509 267 3583 adm
283 3507 383 3597 alios,
410 3506 471 3579 fibi
488 3508 550 3613 uni
574 3507 752 3585 incautum
781 3511 1019 3606 intestumque
1048 3509 1162 3581 effice-

79 3707 81 3709 ,
186 3650 256 3716 ret;
283 3655 356 3703 non
373 3648 446 3700 tam
462 3626 610 3716 solertia,
638 3631 788 3731 (quippe
805 3628 926 3703 iisdem
942 3627 1074 3703 artibus
1090 3631 1164 3703 vic-

188 3770 244 3830 tut
260 3750 327 3846 est)
346 3744 456 3853 quam
479 3748 590 3822 deam
607 3745 653 3820 ira
674 3748 711 3823 in
728 3779 803 3827 rem
825 3754 1041 3839 Romanam,
1068 3749 1165 3848 cujus

685 3872 760 3965 04
