2776 4724
266 350 311 400 10
478 321 809 410 ciconiam
851 304 1104 397 Tacm·

259 488 438 598 plerosque
464 497 590 571 invisos
608 498 682 588 srbi,
710 495 769 570 sed
790 495 956 594 jaetantis
982 497 1161 598 gloridque
1192 501 1237 579 ad
1314 531 1317 537 ¹

256 600 416 719 posteros.
466 623 603 718 Legata
620 645 690 691 non
707 621 795 691 ultra
812 616 952 690 civilem
980 620 1140 712 modum,
1176 626 1237 698 nist

254 735 351 840 qubd
390 742 523 838 populo
558 744 591 812 δι
629 739 722 837 plebi
755 748 972 830 &5635OEst
989 732 991 737 ’
1003 743 1235 838 praetoriarum

254 860 451 936 cohortium
468 860 636 958 militibus
662 864 793 960 singula
814 865 999 937 nummsrm
1028 862 1151 955 millia,
1186 867 1235 940 le-

256 981 418 1080 gionariis
435 1002 540 1080 atque
552 981 750 1056 cohortibus
763 983 894 1057 civium
908 987 1149 1060 Romanorum
1166 1001 1234 1061 tre-

253 1128 358 1176 cenos
392 1129 554 1176 nummos
581 1102 710 1176 viritim
737 1103 843 1176 dedit.
892 1104 990 1177 Tum
1003 1105 1234 1184 consultatum

252 1226 298 1297 de
315 1225 515 1315 honoribus,
534 1250 578 1297 ex
596 1226 674 1322 quls
691 1225 845 1297 marrim?¹
867 1224 1016 1324 insignes
1038 1226 1122 1300 visr:
1154 1236 1181 1272 “
1194 1248 1234 1302 ut

255 1353 284 1388 “
303 1350 400 1444 portal
416 1346 616 1443 triumphali
630 1344 810 1419 duceretur
821 1344 964 1435 sunus‚''
984 1350 1107 1420 Gallus
1121 1348 1233 1422 Afini-

253 1494 320 1553 us;
359 1475 443 1540 “ut
476 1469 595 1565 legum
623 1469 767 1540 latarum
795 1466 901 1558 tituli,
925 1466 1097 1541 vistarum
1125 1471 1236 1544 abeo

256 1588 461 1687 “gentium
489 1590 661 1661 vocabula
686 1586 970 1678 anteferrentur,''
992 1590 1039 1661 h
1054 1590 1236 1664 Arruntius

254 1708 425 1782 censuere.
476 1710 641 1782 Addebat
669 1712 817 1782 Messala
841 1708 996 1783 Valerius
1019 1717 1048 1753 “
1067 1736 1236 1784 renovan-

254 1837 281 1871 “
300 1830 385 1901 dum
404 1854 464 1925 per
476 1854 584 1901 annos
601 1826 851 1903 sacramentum
864 1829 900 1902 in
912 1852 1043 1904 nornen
1054 1832 1237 1912 Tiberii;”
1312 1882 1317 1891 ·

210 1987 215 1993 ·
252 1948 547 2048 interrogatusque
579 1949 772 2040 aTibcrio,
806 1958 834 1993 “
849 1977 948 2040 num,
976 1949 1009 2023 se
1036 1956 1235 2043 mandante,

254 2081 283 2116 “
302 2099 379 2146 eam
396 2070 597 2144 sententiam
609 2074 823 2170 prompsisset
836 2076 882 2183 ἒξ
901 2082 928 2116 “
940 2072 1060 2172 sponte
1072 2071 1237 2162 dixiffe,'’

251 2191 448 2294 respondit3
481 2200 640 2290 “neque
668 2192 705 2266 in
729 2193 771 2267 iis
800 2183 953 2294 quaebd
978 2191 1233 2291 rempublicam

254 2322 283 2356 “
302 2314 522 2413 pertinerent,
552 2314 692 2389 consilio
719 2316 778 2389 nifi
804 2317 865 2391 suo
881 2317 1033 2406 usurum,
1063 2315 1121 2387 vel
1150 2337 1235 2387 cum

252 2443 280 2478 “
300 2435 453 2534 periculo
465 2436 697 2510 offenfionis.'’
748 2443 801 2513 Ea
827 2438 896 2513 sola
921 2437 1049 2536 species
1066 2432 1235 2509 adulandi

253 2556 433 2656 supererat.
483 2559 713 2632 Conclamant
739 2581 863 2658 patres,
907 2566 1072 2658 “corpus
1088 2559 1146 2629 -ad
1180 2582 1235 2629 ro-

253 2686 388 2778 “gum
416 2679 568 2752 humeris
600 2677 790 2754 senatorum
818 2679 1038 2753 ferendum.''
1089 2677 1238 2752 Rernisrt

251 2801 364 2876 Caesar
379 2801 561 2900 adroganti
577 2801 834 2874 moderatione:
866 2800 1107 2897 populumque
1119 2797 1237 2870 edisio

251 2923 402 3014 monuit,
445 2931 473 2965 “
492 2948 550 3014 ne,
573 2943 612 2996 ut
641 2924 819 3021 quondam
840 2918 959 2994 nimiis
983 2918 1104 2991 studiis
1132 2917 1237 2992 funus

253 3049 281 3086 “
299 3043 374 3117 divi
390 3043 475 3139 Julii
492 3046 693 3135 turbassent,
722 3044 769 3117 ita
791 3042 991 3142 Augustum
1016 3039 1052 3112 in
1081 3037 1156 3113 foro
1173 3066 1237 3136 po·

254 3171 282 3207 “
301 3165 382 3254 tilis,
403 3165 509 3262 quam
527 3163 564 3236 in
581 3191 707 3263 campo
720 3164 859 3255 Martis,
872 3162 950 3236 sede
966 3161 1144 3248 destinatd,
1163 3163 1237 3233 cre-'

253 3290 280 3326 “
299 3285 385 3357 mari
398 3286 563 3358 vellent.''
613 3285 682 3359 Die
699 3283 842 3375 funeris,
861 3283 987 3357 milites
1009 3281 1105 3354 velut
1125 3281 1235 3377 praesr·

250 3403 311 3477 dio
323 3404 455 3496 stetere,
477 3405 628 3480 multum
646 3405 888 3496 inridentibus,
908 3403 968 3507 qui
985 3401 1046 3500 ipsr
1063 3401 1235 3493 viderant,

216 3525 217 3528 ’
251 3524 384 3625 quique
406 3552 426 3598 a
455 3527 654 3624 parentibus
680 3547 883 3624 acceperant
909 3525 1004 3598 diem
1022 3524 1122 3597 illum
1138 3521 1236 3595 crudi

252 3647 366 3720 adhuc
394 3642 532 3737 servitii,
563 3652 596 3721 ὅτ
630 3648 796 3721 libertatis
833 3640 1042 3745 improspere
1070 3643 1235 3743 repetitae,
1292 3628 1295 3635 ¹

252 3770 336 3844 clun
359 3763 489 3842 occisus
522 3767 668 3842 dictator
699 3766 822 3860 Caesar,
837 3767 919 3850 ,aliis
945 3771 1141 3865 pessimum,
1164 3764 1238 3840 aliis
