2512 4696
18 341 166 441 3158
290 333 916 420 oconuancrrr'

94 517 302 590 maluerunt.
365 516 437 588 Hae
466 514 596 612 primi),
617 511 765 589 ¹rudibus
788 515 975 590 hominum
1002 512 1079 605 ani⁴⁸

94 637 171 724 mis,
191 625 364 730 srmplic'es
386 654 492 708 erant.
543 635 782 734 Maximeque
808 635 900 709 fama
922 640 1077 713 celebra-

92 755 141 828 vit
153 736 383 845 Cretensrum‚
413 781 500 853 quas
524 755 677 855 Minos,
699 759 958 854 Spartanorum,
989 782 1076 856 quas

91 878 304 972 Lycurgus;
328 901 369 949 ac
388 901 474 948 mox
493 877 760 951 Athenienfibus
778 878 986 975 quaesrtiores
997 877 1075 978 jam

92 1001 126 1071 a
144 997 257 1093 plures
274 997 382 1096 Solon
402 995 601 1095 perscripfit.
631 995 746 1071 Nobis
760 999 952 1089 Romulus,
975 1017 1016 1072 ut
1033 999 1074 1071 li-

91 1117 218 1207 bitum,
246 1116 531 1215 imperitaverat:
555 1118 638 1193 dein
654 1121 776 1192 Numa
792 1118 1017 1217 religionibus
1039 1123 1074 1221 dc

87 1232 296 1336 divinojure
307 1239 482 1336 populum
495 1239 677 1313 devinxit:
694 1261 898 1337 repertaque
909 1238 1072 1338 quaedam

87 1384 108 1431 a
128 1359 240 1432 Tullo
267 1363 301 1431 &
320 1363 445 1433 Anco:
473 1359 533 1433 sed
558 1361 755 1458 praecipuus
777 1360 914 1434 Servius
934 1360 1074 1434 Tullius

88 1478 224 1552 sanctor
236 1481 358 1578 legum
371 1479 451 1571 fuit,
464 1481 545 1578 quis
561 1480 666 1555 etiam
677 1508 773 1581 reges
785 1484 1075 1579 obtemperarem

134 1600 288 1674 XXVII.
314 1603 444 1675 Porso
471 1602 684 1701 Tarquinio,
713 1602 900 1675 adversum
934 1623 1073 1699 patrum

87 1720 253 1796 faciiones
271 1721 384 1796 multa
398 1725 550 1821 populus
568 1724 702 1821 paravit
719 1725 859 1796 tuendae
890 1721 1070 1811 libertatis,

75 1837 120 1916 '&
141 1844 322 1917 firmandae
341 1842 537 1918 concordia
554 1872 576 1925 εη
600 1844 776 1942 creatique
802 1842 1009 1933 decemviri,
1038 1846 1075 1916 a
1146 1922 1148 1927 .

87 1962 205 2037 accitis
222 1990 302 2061 quae
318 1962 465 2060 usquam
483 1964 638 2061 egregia,
667 1968 866 2061 compofitae
879 1964 1070 2038 duodecim

85 2084 226 2174 tabulae,
271 2083 349 2156 finis
381 2083 474 2181 aequi
513 2079 630 2179 juris:
672 2108 753 2154 narn
791 2081 917 2156 secutae
956 2086 1064 2181 leges,

86 2210 144 2281 etsi
184 2205 373 2304 aliquando
405 2204 442 2278 in
474 2205 653 2277 maleficos
686 2227 731 2275 ex
759 2201 900 2291 delicto,
943 2203 1068 2300 saepius

85 2349 203 2402 tamen
236 2327 438 2401 diffenfione
469 2325 650 2417 ordinum,
697 2330 730 2399 δι
770 2321 943 2421 apiscendi
987 2322 1088 2397 inli··

86 2448 173 2523 citos
207 2450 369 2539 honores,
414 2466 474 2521 aut
490 2446 642 2544 pellendi
671 2444 779 2520 claros
804 2444 912 2536 viros,
933 2444 1069 2543 aliaque

84 2572 132 2644 ob
161 2596 268 2667 prava
296 2595 359 2667 per
388 2568 462 2643 vim
480 2571 557 2642 latae
574 2567 662 2642 sunt.
714 2567 812 2642 Hinc
829 2565 998 2657 Gracchi,
1034 2571 1067 2640 δι

70 2689 273 2782 flammini,
309 2691 504 2765 turbatores
522 2691 658 2787 plebis:
694 2714 759 2763 nec
775 2687 892 2761 minor
910 2687 1068 2787 largitor,

84 2813 229 2886 nomine
244 2811 392 2905 senatos,
418 2809 573 2898 Drusus3
603 2811 753 2908 corrupti
781 2807 853 2907 spe,
880 2828 941 2882 aut
969 2809 1069 2884 inlufi

84 2959 146 3032 per
176 2934 451 3008 interceffionem
484 2930 574 3008 socii.
638 2937 694 3007 Ac
727 2959 770 3006 ne
804 2930 899 3005 bello
923 2915 1068 3029 quidem

83 3054 218 3144 Italico,
247 3080 333 3126 mox
363 3054 459 3127 civili
485 3056 664 3146 omnium,
696 3053 782 3153 quin
810 3054 924 3126 multa
953 3057 987 3126 δι
1014 3052 1067 3126 di-

83 3169 178 3249 versa
210 3171 449 3262 sciscerentur;
479 3177 594 3249 donec
612 3179 658 3250 L.
676 3176 770 3249 Sulla
785 3174 963 3263 didator,
979 3175 1065 3247 abo-

80 3293 162 3383 litis,
205 3297 261 3369 vel
290 3299 472 3370 conversrs'
493 3294 680 3393 prioribus,
706 3296 801 3371 'cum
832 3296 934 3392 plura
967 3293 1066 3368 addi-

82 3409 195 3501 diffet,
218 3416 332 3491 otium
364 3414 436 3515 ejus
466 3415 515 3489 rei
542 3416 696 3509 haudin
723 3417 872 3516 longum
906 3414 1063 3512 paravit3

80 3529 196 3602 statim
220 3538 368 3611 turbidis
389 3536 518 3634 Lepidi
536 3536 791 3636 rogationibuS,
816 3560 933 3633 neque
948 3529 1062 3604 multd

78 3648 157 3748 pbst
174 3648 319 3726 tribunis
335 3658 468 3731 reddita
486 3657 635 3749 licentia,
666 3656 812 3756 quoquo
836 3655 967 3727 vellent
996 3676 1062 3747 po-

79 3769 202 3867 pulum
216 3769 382 3867 agitandi.
407 3778 561 3872 Jamque
585 3803 656 3851 non
676 3775 784 3851 modo
799 3774 835 3847 in
851 3795 1058 3862 commune,
