2738 4710
217 253 347 337 ¹..

217 438 353 524 Video&
373 435 554 524 cuilubet,
580 404 710 519 librum
726 433 885 509 Boemerl
910 436 947 507 τί
971 433 1125 536 μακαρή
1147 437 1196 511 (le

93 602 98 652 5
216 556 336 655 graecis
372 555 546 627 literarum
575 554 611 627 in
638 556 735 628 ltalia
762 555 1040 629 instauratoribus
1072 581 1107 654 p.
1132 559 1191 656 67.

215 680 274 748 68.
325 678 416 748 Inter
433 674 579 748 Codices
607 675 1191 774 porroOt'tobonianos‚'Neapoli·
1291 740 1293 744 .

212 814 325 886 tanos,
360 798 392 868 S.
426 793 571 890 Joannis
605 795 640 867 in
673 795 896 884 Carbonaria,
929 796 1190 887 Caesenatenses,

151 912 158 921 ’
211 915 326 988 Taciti
341 913 421 987 libri
438 912 519 988 inde
535 917 580 988 ab
598 917 662 988 XI.
680 922 775 990 Ann.
789 916 1017 1013 reperiuntur,
1046 915 1103 990 sed
1121 915 1192 991 fere

210 1034 407 1109 recentioris
431 1034 618 1135 scriptura.
682 1039 789 1109 Extat
817 1036 922 1110 etiam
952 1038 1077 1111 Codex
1108 1041 1189 1113 MS.

211 1158 496 1230 membranaceus
522 1155 558 1229 in
586 1156 801 1230 Bibliotheca
826 1158 951 1230 Ducali
981 1156 1190 1255 Guelferby·
1224 1193 1227 1199 ⁵

210 1297 305 1367 tana,
328 1276 425 1376 cujus
442 1276 528 1351 mibi
545 1275 624 1350 usus
648 1278 798 1375 benigne
826 1279 1001 1352 concellus
1028 1258 1106 1352 fuit.
1156 1282 1190 1354 ls

209 1397 277 1472 suit
294 1398 378 1472 oli-tn
396 1401 435 1471 P.
452 1398 617 1487 Candidi,
652 1398 712 1495 qui
728 1396 786 1472 sua
803 1423 909 1471 manu
927 1398 962 1470 in
980 1398 1070 1473 libro
1086 1398 1191 1498 scrip-

71 1586 75 1591 .
210 1524 264 1611 fit,
291 1522 336 1594 ab
352 1519 385 1594 se
401 1540 534 1594 emtum
550 1522 617 1593 elle
644 1519 821 1608 Ferrariae‚
853 1523 898 1591 Α.
920 1519 1191 1596 MCCCCLXI.

209 1642 268 1714 die
284 1643 375 1714 lunae
398 1642 555 1716 XXVlll
573 1642 668 1736 Sept.
687 1666 707 1712 a
725 1639 917 1714 Franscisco
933 1659 1051 1714 autem
1068 1641 1193 1723 Media

209 1763 321 1834 Barba
338 1760 463 1857 Birago
488 1761 584 1832 dono
609 1759 658 1831 est
682 1761 782 1833 datus
810 1761 1027 1857 Marquardo
1054 1763 1188 1855 Gudio,
1280 1780 1282 1783 ’

208 1905 254 1954 ex
271 1879 366 1978 cujus
383 1880 598 1953 Bibliotheca
614 1879 650 1951 in
663 1879 970 1975 Guelferbytanam
983 1880 1089 1952 venit.
1123 1883 1192 1957 Sed

68 1997 73 2007 ’
209 2002 255 2073 de
272 2001 518 2090 hoc†Codice
531 1998 618 2071 infra
626 1999 787 2095 pluribus
800 1999 927 2072 dicarn.
954 2000 1075 2073 Minor
1086 1999 1191 2099 scrip·

208 2139 325 2194 torum
344 2122 506 2194 numerus
521 2119 570 2192 est
588 2120 621 2195 in
641 2101 831 2193 minoribus
849 2119 988 2210 libellis,
1017 2120 1077 2217 qui
1106 2146 1190 2199 cum

209 2241 324 2316 Taciti
343 2240 539 2315 Annalibus
564 2245 598 2314 δι
626 2241 793 2316 Historiis
808 2241 971 2332 eduntur,
1007 2240 1190 2334 Germania,
1208 2268 1211 2276 ·

209 2364 372 2460 Agricola,
399 2367 432 2435 δι
451 2363 496 2433 de
514 2363 699 2434 Oratoribus
713 2363 856 2460 Dr'ologo.
898 2363 996 2462 Qid
1014 2390 1058 2436 ex
1076 2363 1116 2437 iis
1135 2389 1190 2437 te·

210 2482 360 2580 periatur
377 2481 411 2554 in
425 2482 612 2571 Vaticanis,
631 2482 767 2580 Lipsius
784 2509 856 2556 non
874 2484 993 2575 tradit,
1013 2485 1072 2559 nist
1091 2487 1190 2583 quod

208 2588 402 2702 Dialognm
414 2604 459 2676 ab
471 2601 510 2675 iis
528 2602 645 2676 afuiffe
661 2601 785 2694 scribit.
822 2603 980 2679 Libellus
997 2606 1042 2678 de
1054 2605 1190 2680 Morib.

210 2727 332 2799 Germ.
351 2701 532 2822 separatiin
548 2744 687 2797 notatur
711 2723 746 2796 in
771 2726 874 2798 MSS.
893 2724 1066 2799 Mediceae
1083 2724 1192 2799 Bibli-
1236 2766 1238 2770 Δ

209 2849 341 2920 othecae
376 2846 464 2942 plut.
494 2869 550 2942 73.
584 2870 618 2916 n.
647 2867 680 2942 5.
709 2871 766 2942 ap.
804 2844 1125 2919 Montefalconium
1154 2871 1190 2942 p.

213 2970 293 3062 381.
316 2971 348 3037 δι
372 2965 409 3036 in
434 2966 535 3038 Mss.
553 2964 777 3039 Bibliotheca
794 2965 953 3039 Norfolc.
973 2966 1008 3038 in
1030 2965 1191 3062 Collegio

117 3126 120 3132 ,
210 3084 462 3178 Grelhamenst,
481 3084 578 3179 quod
595 3085 825 3157 Londiniest.
865 3084 1189 3159 Arundellianusli-

143 3232 149 3245 ⁸
210 3205 286 3294 ber,
301 3200 397 3300 cujus
414 3223 577 3299 excerpta
591 3204 689 3276 dedit
702 3188 1014 3293 AbnGronovius,
1029 3205 1072 3274 V.
1085 3203 1127 3275 C.
1141 3203 1191 3277 est

209 3323 268 3397 ille
298 3320 380 3419 ipse,
419 3321 479 3418 qui
508 3321 572 3396 snb
598 3323 847 3398 Pirckheimeri
882 3322 1022 3397 nomine
1056 3321 1190 3395 laudari

209 3442 306 3532 solet,
333 3461 372 3514 ut
389 3463 509 3515 monet
521 3446 555 3539 J.
573 3444 630 3516 Fr.
646 3443 859 3534 Gronovius,
888 3444 931 3516 ad
949 3443 1066 3514 Germ.
1081 3467 1112 3514 c.
1134 3468 1189 3516 11.
1338 3516 1340 3519 ,

210 3566 268 3639 De
285 3562 373 3635 libro
389 3564 631 3661 Bambergenfi
650 3561 748 3660 supra
771 3560 924 3637 eModii
948 3560 1093 3658 epistola
1113 3561 1188 3634 dic·

209 3705 287 3763 tum
304 3681 369 3757 est:
391 3686 423 3757 ἃ
440 3683 520 3777 de’r
538 3684 718 3760 Turicenst
730 3681 817 3760 infra
833 3680 979 3759 dicetur.
1009 3679 1188 3781 Agricolas
