2776 4724
251 249 315 326 xiv

248 404 346 520 pho,
368 421 461 495 unde
481 421 504 494 ii
523 445 660 513 venere,
689 419 805 514 fuerit,
837 416 1064 498 inveniamus.
1116 422 1225 502 Hanc

248 546 340 616 tertio
371 544 521 615 caussam
548 545 615 616 effe
649 543 828 641 paucitatis
869 545 1056 618 ledrionum
1088 545 1224 619 varian-

185 680 190 700 ·
248 664 348 753 tium,
387 683 492 760 atque
526 665 649 736 tandem
683 667 956 763 corruptelarum
999 670 1032 739 δι
1075 667 1223 739 mendo·

246 810 341 873 rum,
369 783 405 859 in
422 782 547 856 Tacito
565 784 793 882 reliquorum,
826 786 861 859 in
890 786 1015 884 quibus
1043 782 1165 860 frustra
1190 787 1224 861 se

212 979 214 982 .
245 925 427 982 exerceant
456 903 595 1002 ingenia
611 904 767 979 virorum
791 906 1073 981 dosiiffimorum.
1125 906 1253 981 Hinc'

246 1051 350 1124 porro
378 1022 507 1098 discent
528 1023 675 1124 juvenes
704 1027 841 1100 studiosi
870 1028 1044 1102 literarum
1079 1030 1112 1100 a
1146 1028 1225 1101 attis

245 1145 386 1237 criticae,
426 1143 558 1242 (cujus,
593 1172 661 1244 ego
693 1146 883 1222 identidem
912 1174 1039 1221 moneo
1059 1144 1223 1243 juvenes,

94 1302 96 1309 ¹
165 1355 167 1364 Ι
244 1266 422 1340 neminem
442 1269 543 1364 plane
556 1258 756 1363 imperitum
772 1269 839 1340 effe
855 1268 995 1358 debere,
1026 1268 1086 1366 qui
1103 1266 1224 1340 senon

195 1375 197 1378 ’
244 1385 390 1462 subinde
406 1388 549 1485 turpiter
564 1388 659 1476 dare,
688 1392 720 1460 &
746 1384 849 1460 risum
865 1388 1003 1462 Criticae
1025 1389 1073 1462 rei
1095 1388 1223 1486 peritis,

243 1529 304 1582 aut
318 1508 425 1582 bilem
443 1533 585 1582 movere
597 1508 699 1604 velit)
712 1507 854 1597 discent
870 1508 976 1607 igitur
993 1509 1090 1599 hinc,
1108 1511 1225 1604 primo,

246 1655 330 1704 cum
348 1630 394 1703 de
410 1629 507 1702 libris
524 1626 655 1724 scriptis
672 1650 809 1726 agatur,
837 1655 908 1701 non
933 1652 1011 1707 tam,
1032 1629 1226 1702 videndum

245 1751 325 1836 esse,
357 1774 464 1845 quam
488 1749 615 1821 multos
643 1774 788 1821 numero
817 1750 1018 1836 habeamus,
1043 1746 1099 1820 scd
1118 1775 1227 1846 quarn

244 1869 388 1957 multos,
419 1866 479 1963 qui
496 1867 590 1939 velut
609 1864 669 1963 jus
697 1865 868 1941 sententiae
886 1866 1042 1941 dicendae
1060 1868 1225 1958 habeant,

219 2084 222 2087 Ι
244 2014 326 2061 curn
344 1988 389 2060 de
405 1987 559 2060 lefflonis
583 1985 725 2085 aiicujus
742 1987 884 2059 veritate
901 2006 1084 2084 quaeratur.
1128 1990 1224 2063 Nam

244 2109 268 2179 sr
297 2115 336 2179 tu
360 2128 501 2180 centum
531 2107 682 2181 Codices
712 2106 863 2206 ejusdem
892 2107 970 2181 libri
997 2109 1136 2200 habeas,
1166 2135 1226 2182 eos

243 2248 359 2301 autern
387 2226 533 2317 constet,
577 2254 622 2303 ex
650 2237 721 2303 uno
750 2230 956 2326 apographo
975 2210 1112 2301 'ductos
1140 2231 1223 2319 esse,

243 2374 316 2423 non
341 2347 403 2421 nisi
419 2347 520 2421 unius
549 2348 629 2422 libri
640 2346 697 2447 jus
716 2354 749 2423 &
778 2349 852 2422 vim
870 2348 1049 2422 obtineant
1066 2347 1236 2431 univers„

242 2471 325 2564 Jam
343 2493 460 2565 porr0,
479 2494 595 2542 nonne
614 2491 756 2566 apparet
775 2471 843 2543 hoc
867 2471 1046 2567 exemplo,
1071 2468 1108 2541 id
1127 2471 1225 2566 quod

243 2592 351 2664 fidem
375 2589 542 2662 excedere
564 2590 736 2680 videatur,
764 2616 887 2663 manus
910 2589 1069 2688 quamvis
1099 2590 1224 2664 multas

241 2737 316 2789 non
343 2710 451 2784 modo
474 2709 664 2807 saepiffime,
695 2716 840 2800 &tot0,
870 2712 968 2808 quod
989 2710 1099 2799 aiunt,
1132 2712 1225 2782 coelo
1278 2796 1281 2802 ¹

234 2831 415 2905 ¹dissentire
432 2830 467 2902 in
484 2824 660 2938 scriptura,
684 2831 787 2905 etiam
814 2857 893 2929 quae
922 2857 967 2904 ex
985 2831 1112 2904 eodem
1129 2830 1226 2903 sonte
1285 2823 1288 2833 ’

241 2948 348 3033 duda
365 2956 417 3040 srt,
437 2949 492 3024 sed
512 2951 615 3024 etiarn
633 2953 727 3049 posse
751 2977 792 3025 ac
820 2950 929 3024 solere
953 2951 988 3023 in
1014 2953 1141 3025 eodem
1170 2977 1224 3025 er·

210 3139 211 3143 ,
241 3068 418 3164 roresaepe
439 3053 576 3143 summa
599 3073 800 3161 concordia,
827 3074 920 3168 quasi
950 3098 994 3146 ex
1024 3073 1223 3167 conrpaer,

242 3187 459 3263 consentire?
487 3187 633 3286 Denique
659 3192 838 3263 luculento
866 3181 1030 3288 exemplo
1056 3190 1219 3286 intelligi·

242 3328 310 3398 tur,
329 3335 435 3406 quarn
464 3312 502 3381 fit
526 3333 597 3382 non
624 3310 732 3383 modo
757 3310 842 3383 utile
866 3312 911 3383 ad
930 3309 1115 3407 puritatem
1132 3309 1221 3383 inte-

243 3429 474 3529 gritatemque
491 3427 695 3526 scriptorum
714 3450 884 3519 veterum,
904 3430 960 3503 sed
984 3428 1088 3501 etiam
1105 3427 1220 3518 neces·
1332 3422 1336 3425 ’Ὺ

126 3586 132 3594 ·
241 3550 380 3650 sarium,
411 3550 575 3646 plurimas
603 3548 769 3623 lessiones
796 3551 970 3628 variantes,
990 3550 1056 3622 esse
1084 3553 1219 3622 &con-

243 3670 346 3771 quiri.
397 3671 436 3742 In
470 3669 565 3745 libris
595 3667 654 3749 sex
683 3669 855 3770 prioribus
887 3669 1017 3761 Taciti,
1058 3674 1081 3745 fi
1112 3671 1222 3745 varias
