2512 4680
80 366 151 463 308
304 365 348 437 C.
381 353 889 442 ConnetrrTnctrt

82 542 208 615 cabula
232 520 417 640 usurpant,
446 542 662 642 Halumque
688 532 721 616 a
747 542 972 635 Artemitam,
997 546 1089 619 Par·

82 661 177 735 thica
209 662 359 759 oppida,
402 662 554 759 recepit;
573 661 808 737 'certantibus
835 663 981 760 gaudio,
1018 664 1087 762 qui

82 785 321 874 Artabanum,
349 784 491 879 Scythas
522 782 611 856 inter
635 784 814 872 eductum,
839 787 889 856 ob
911 781 1086 857 saevitiam

83 902 262 991 exsecrati,
293 929 397 977 come
419 901 587 977 Tiridatis
611 902 791 1002 ingenium
807 891 988 975 Romanas
1011 928 1085 998 per

84 1045 172 1097 artes
189 1022 387 1120 sperabant.

28 1171 29 1180 ¹
105 1142 250 1216 'xtlt
277 1147 506 1217 Pnuninrunr
536 1143 745 1218 adulationis
777 1141 995 1218 Seleucenses
1022 1141 1101 1235 ἰη-Ι

82 1266 205 1356 ὀυόῑε,
231 1264 355 1338 civitas
381 1286 518 1364 potens,
546 1264 645 1364 septa
663 1264 779 1353 muris,
807 1247 925 1363 neque
943 1265 978 1339 in
1001 1267 1085 1339 bar·

82 1391 209 1460 barum
240 1406 421 1483 corrupta,
449 1385 508 1458 sed
538 1386 726 1460 conditoris
754 1385 889 1460 Seleuci
915 1386 1085 1463 retinens.

83 1505 247 1579 Trecenti
266 1507 407 1604 opibus,
431 1514 490 1580 aut
506 1487 672 1603 sapienti&
688 1506 825 1598 detecti,
856 1529 896 1581 ut
915 1506 1079 1582 senatus:

83 1626 143 1703 sua
157 1627 301 1722 'populd
318 1627 384 1718 vis,
400 1632 432 1700 δι
458 1627 621 1737 quotiens
638 1612 823 1702 cobtordes
840 1649 968 1727 agunt,
987 1627 1084 1727 sper·

83 1748 185 1835 nitur,
204 1750 376 1822 Parthus:
412 1747 472 1820 ubi
485 1747 696 1837 dissensere,
725 1749 812 1821 dum
841 1749 905 1822 srbi
931 1746 1081 1848 quisque

84 1891 205 1944 contra
234 1870 379 1941 aemulos
407 1868 595 1941 subsidium
619 1889 761 1959 vocant,
786 1867 918 1943 accitus
936 1870 973 1943 in
998 1897 1080 1969 par-

84 2013 170 2080 tem,
195 1989 385 2063 ‘adversum
409 2011 531 2058 omnes
554 1987 706 2060 valescit.
771 1989 813 2064 Id
840 2014 957 2087 nuper
981 1992 1080 2065 acci-

82 2116 193 2198 derat,
208 2107 387 2178 Artabano
404 2124 584 2197 regnante,
617 2106 679 2201 qui
696 2093 837 2200 plebem
856 2109 1080 2204 primoribus

89 2226 230 2303 tradidit
248 2250 293 2298 ex
316 2222 377 2296 suo
393 2218 477 2294 usu:
509 2245 590 2292 nam
609 2223 730 2318 populi
748 2223 954 2320 imperium,
966 2210 1082 2324 juxta

84 2352 303 2431 libertatem3
331 2367 524 2441 paucorum
548 2341 754 2430 dominati0,
785 2343 896 2442 regiae
927 2345 1077 2422 libidini

86 2471 229 2569 propior
251 2465 309 2540 est.
359 2466 456 2538 Turn
479 2463 727 2537 adventantem
743 2462 927 2539 Tiridaten
957 2469 1075 2542 extol·
1131 2488 1134 2506 ’

83 2594 175 2680 lunt,
200 2610 358 2662 veterum
384 2611 507 2684 regum
536 2584 741 2675 honoribus,
773 2590 806 2659 St
837 2612 926 2684 quos
954 2613 1075 2665 recens

48 2691 50 2693 ‚
79 2732 162 2785 atas
184 2680 313 2808 langius
330 2706 491 2780 invenit:
523 2707 623 2779 simul
640 2707 767 2804 probra
789 2705 826 2781 in
845 2710 1074 2789 Artabanum

82 2813 292 2921 fundebant,
328 2837 355 2873 “
374 2830 529 2926 materni
557 2825 693 2926 origine
724 2825 929 2920 Arsaciden,
955 2849 1073 2903 cetera

73 2958 109 3005 ›“
128 2950 377 3049 degenerem.’'
435 2947 608 3021 Tiridates
637 2973 711 3021 rem
736 2948 977 3024 Seleucensem
1007 2976 1073 3047 po·

80 3072 167 3167 pulo
198 3069 391 3167 permittit:
419 3095 505 3142 mox
535 3066 741 3158 consultans,
779 3076 981 3168 “quonam
1011 3070 1071 3145 die

78 3186 310 3263 “sollemnia
335 3190 433 3288 regni
457 3190 687 3287 capefferet;''
712 3188 828 3262 literas
853 3191 1009 3265 Phraatis
1034 3197 1071 3266 ὅτ

78 3305 263 3400 Hieronis,
291 3309 351 3407 qui
371 3310 591 3384 validiffimas
609 3307 825 3406 praefetturas
843 3310 1067 3404 obtinebant,

76 3423 240 3527 accipit,
258 3439 285 3507 ‘f‘
316 3432 461 3503 brevem
497 3432 657 3504 moram'’
691 3430 926 3526 precantium,
959 3433 1070 3529 placi·

72 3566 221 3635 tumque
249 3542 283 3591 tc
301 3547 452 3644 opperiri
484 3550 577 3622 viros
605 3546 886 3648 praepollentes?
949 3558 1068 3649 Atque

70 3659 210 3739 interim
239 3668 443 3760 Ctesiphon,
475 3668 569 3741 sedes
587 3668 738 3764 imperii,
766 3670 897 3764 petita:
932 3670 1066 3746 sedubi
1113 3746 1116 3751 .

64 3782 161 3856 diem
179 3805 223 3852 ex
242 3781 299 3854 die
323 3784 558 3878 prolatabant,
584 3787 704 3867 multis
722 3812 839 3879 coram
858 3795 894 3867 &
921 3772 1052 3889 adpro.
