2512 4696
298 394 300 399 ⁸
375 319 683 412 'Ammon
710 332 909 410 Lrs.llI.
1086 369 1150 442 193

176 516 303 593 Blaesus
320 515 556 591 filiusduxit:
585 515 717 605 medio,
745 540 826 587 cum
850 512 1005 604 deleslis,
1032 518 1151 591 castel-

176 642 211 714 la
228 645 261 714 &
282 637 495 736 munitiones
511 636 645 710 idoneis
662 626 748 708 locis
764 633 963 731 imponens,
990 636 1064 708 dux
1082 638 1153 734 ipse

175 763 265 833 areta
282 763 318 831 ὅτ
335 757 467 832 insensa
489 757 642 831 hostibus
659 758 785 829 cunsla
796 753 939 842 fecerat3
967 755 1051 851 quia
1063 783 1154 854 quoq

175 879 247 978 qud
264 879 483 970 inclinarent,
499 905 576 977 pars
593 877 711 976 aliqua
723 869 840 950 militis
859 876 1014 950 Romani
1032 876 1067 949 in
1080 899 1152 969 ote,

174 999 211 1074 in
228 1003 346 1090 latere,
374 1004 405 1074 δι
425 998 513 1098 saepe
530 1025 550 1072 a
566 1018 666 1096 tergo
685 1018 782 1071 erat:
812 997 982 1095 multique
1004 1023 1047 1071 eo
1075 1025 1152 1073 mo-

175 1121 223 1195 do
238 1125 330 1213 caefi,
357 1141 417 1193 aut
440 1118 681 1193 circumventi.
731 1116 767 1189 T
768 1118 837 1191 unc
859 1118 1068 1215 tripartitum
1090 1145 1153 1192 ex*

176 1243 324 1315 ercitum
348 1241 464 1338 plures
491 1241 527 1312 in
559 1265 682 1315 manus
708 1237 893 1336 dispergit,
913 1241 1155 1339 praeponitque

73 1407 76 1417 ·
177 1362 396 1436 centuriones
418 1360 554 1434 virtutis
578 1380 753 1458 expertae:
773 1385 853 1449 nec,
872 1377 911 1431 ut
930 1361 1007 1433 mos
1031 1360 1154 1452 suerat,

178 1485 256 1558 atta
271 1482 387 1556 aestate
404 1481 542 1554 retrahit
560 1482 690 1580 copias,
717 1501 776 1555 aut
793 1480 828 1553 in
845 1479 1077 1555 hibernaculis
1094 1508 1155 1555 ve·
1231 1576 1234 1580 .

178 1604 257 1678 teris
275 1602 465 1701 provinciae
487 1602 669 1700 componit
685 1620 695 1675 έ
721 1600 778 1675 sed
796 1623 835 1674 ut
852 1601 888 1673 in
916 1601 1035 1675 limine
1047 1603 1156 1695 belli,

176 1723 346 1823 dispositis
374 1723 532 1813 castellis,
558 1750 619 1820 per
650 1723 833 1820 expeditos
863 1729 895 1797 δι
930 1722 1158 1797 solitudinum

178 1872 320 1946 gnatos,
346 1864 540 1918 mutantem
565 1844 714 1942 mapalia
735 1842 993 1917 Tacfarinatem
1023 1867 1157 1944 protur-

180 1967 265 2042 bat:
294 1966 420 2056 donec,
446 1964 548 2038 fratre
565 1963 635 2064 ejus
652 1985 770 2063 capto,
797 1968 960 2064 regressus
982 1967 1046 2059 est,
1077 1995 1157 2066 pro-

178 2085 354 2185 perantius
372 2108 488 2161 tamen
517 2087 624 2185 quam
648 2112 693 2159 ex
721 2086 867 2161 utilitate
892 2087 1078 2180 sociorum,
1106 2116 1158 2163 re-

178 2207 267 2282 listis
285 2233 348 2304 per
380 2235 469 2306 quos
499 2207 686 2304 resurgeret
715 2208 861 2281 bellum.
911 2212 978 2283 Sed
994 2210 1159 2284 Tiberius

79 2425 81 2430 .
177 2352 240 2427 pro
268 2328 428 2403 confecto
457 2328 781 2425 interpretatus,id
803 2353 946 2426 quoque
969 2329 1077 2400 Blaeso
1099 2331 1159 2414 tri·

179 2450 270 2539 buit,
296 2462 335 2521 ut
352 2451 522 2546 imperator
543 2449 776 2547 alegionibus
799 2447 1024 2534 salutaretur;
1052 2448 1160 2546 prisco

67 2604 73 2612 r
179 2595 266 2666 erga
293 2568 399 2641 duces
427 2571 572 2659 honore,
610 2571 684 2667 qui,
723 2572 814 2643 bene
830 2569 936 2668 ,gestd
968 2569 1160 2665 republicd,

181 2686 313 2786 gaudio
331 2692 364 2762 &
382 2689 515 2787 impetu
542 2688 682 2764 visloris
704 2689 876 2764 exercitlas
893 2689 1161 2763 conclamaban-

183 2828 262 2881 tur:
288 2809 450 2909 erantque
467 2812 584 2908 plures
607 2815 708 2885 simul
725 2811 964 2908 imperatores,
979 2810 1043 2881 nec
1061 2806 1162 2906 supet

178 2949 378 3005 ceterorum
406 2930 662 3029 aequalitatem:
700 2933 860 3004 concessit
890 2930 1097 3029 quibusdam
1128 2934 1162 3002 δι

185 3051 368 3150 Augustus
383 3050 420 3123 id
438 3052 674 3139 vocabulum
701 3073 843 3126 actone
871 3051 1032 3126 Tiberius
1057 3050 1164 3124 Blaeso

186 3170 413 3269 postremum.

234 3293 390 3365 LXXV.
425 3294 583 3366 Omana
611 3319 653 3367 eo
682 3320 775 3368 anno
799 3294 865 3368 viti
892 3293 1059 3382 inlustres,
1088 3296 1164 3365 Ast-

185 3410 264 3486 nius
290 3411 484 3504 Saloninus,
511 3415 570 3486 Μ.
605 3416 766 3514 Agrippd
796 3421 828 3489 δι
858 3413 1017 3487 Pollione
1047 3414 1167 3487 Afinio

184 3532 272 3623 avis,
311 3529 416 3605 fratre
444 3531 563 3606 Druso
587 3531 739 3631 insignis,
775 3532 968 3630 caesarique
996 3559 1168 3632 progener

185 3653 396 3727 destinatus:
424 3657 458 3725 δι
486 3649 618 3746 Capito
636 3655 771 3745 Ateius,
797 3657 842 3728 de
859 3679 930 3750 quo
960 3655 1167 3742 memoravi,

188 3773 387 3875 principem
413 3769 614 3850 incivitate
635 3771 754 3848 locum
783 3772 904 3847 studiis
921 3773 1083 3848 civilibus
1108 3775 1168 3845 ad·
