2834 4732
270 336 314 415 88
501 334 543 404 C.
572 314 810 408 cornum
837 337 1016 409 Tncrrr

268 533 425 608 aegreque
441 506 567 598 vitatis,
586 510 770 608 postquam
788 512 946 584 mutabat
963 500 1076 600 astus,
1094 513 1236 589 eodem-

268 654 336 726 que
358 626 429 725 qud
452 648 576 702 ventus
596 627 748 716 ferebat3
776 658 846 703 non
868 614 1042 704 adhaerere
1063 634 1234 725 anchoris,

267 774 337 820 non
355 749 533 826 exhaurire
548 748 783 846 inmmpentes
798 753 909 824 undas
927 771 1109 848 poterant:
1140 754 1236 849 equi,

259 866 431 966 jumenta,
456 868 605 959 sarcinae,
632 870 734 942 etiarn
756 897 851 943 arma
869 871 1140 968 praecipitantur,
1164 873 1236 969 quo

266 991 460 1063 levarentur
492 991 579 1063 alvei
612 1012 787 1069 manantes
820 1017 880 1089 per
908 994 1025 1081 latera,
1061 996 1094 1064 δι
1128 993 1235 1065 fludtu

265 1106 521 1208 superurgente.

313 1230 448 1303 XXIV.
481 1235 656 1328 anro
685 1233 868 1306 violentior
886 1254 1008 1309 „cetero
1036 1234 1121 1306 mari
1146 1235 1236 1306 Oce-

265 1375 364 1439 anuS,
387 1356 420 1424 δι
447 1353 651 1426 truculenti&
675 1354 751 1427 caeli
778 1353 913 1451 praestat
937 1353 1136 1442 Germania,
1161 1374 1236 1426 tan-

265 1471 343 1542 tum
366 1471 425 1543 illa
448 1474 562 1546 clades
588 1475 795 1549 novitate&
822 1473 1065 1573 magnitudine
1086 1476 1236 1563 exceffit,

265 1590 444 1670 hostilibus
469 1595 602 1667 circum
632 1595 799 1684 litoribus,
824 1615 883 1668 aut
907 1594 954 1667 ita
979 1595 1074 1667 vasto
1099 1598 1131 1670 &
1157 1620 1237 1691 pro·

265 1710 393 1802 fundo,
407 1735 447 1786 ut
464 1709 623 1787 credatur
639 1715 861 1789 noviffimum
877 1741 917 1788 ac
931 1720 998 1788 fine
1014 1714 1108 1789 terris
1125 1741 1234 1787 mare:

265 1856 342 1927 pars
369 1833 511 1905 navium
545 1835 673 1907 haustae
700 1833 798 1921 sunt;
835 1837 962 1932 plures,
996 1836 1090 1933 apud
1114 1833 1237 1907 insulas

264 1950 405 2048 longiris
432 1954 504 2024 fitas
530 1950 671 2047 ejeerae:
709 1952 872 2049 milesque
890 1956 998 2026 =nullo
1025 1955 1093 2026 illic
1123 1956 1236 2028 homi-

264 2094 349 2141 num
377 2072 487 2159 cultu,
519 2068 610 2142 fame
638 2068 854 2166 absumptus,
884 2071 945 2143 nisi
976 2098 1063 2167 quos
1090 2098 1238 2168 corpora

263 2213 434 2289 equorum
456 2189 582 2262 eodem
605 2187 683 2261 elisa
703 2191 940 2286 toleraverant.
990 2191 1071 2262 Sola
1087 2191 1235 2263 Germa-

264 2306 334 2381 nici
360 2308 505 2382 triremis
534 2312 757 2383 Chaucorum
782 2331 906 2382 terram
936 2308 1069 2406 adpulit
1083 2336 1107 2394 3-
1129 2335 1237 2406 quem

246 2442 326 2525 'per
348 2454 469 2502 omnes
491 2430 567 2502 illos
590 2430 662 2503 dies
683 2428 882 2528 audiesque,
904 2431 999 2525 apud
1020 2428 1177 2526 scopulos
1201 2436 1235 2504 δι

264 2550 499 2646 prominentes
526 2576 616 2642 orat,
650 2552 732 2623 clim
767 2558 794 2593 “
812 2548 844 2622 se
873 2550 960 2623 tanti
989 2549 1084 2623 exitii
1113 2553 1237 2622 reum”

261 2669 463 2761 clamitaret,
486 2671 548 2744 vix
566 2671 755 2745 cohibuere
770 2670 887 2760 amici,
906 2671 1094 2768 quominus
1111 2671 1238 2744 eodem
1293 2682 1294 2688 ’

263 2791 353 2863 mari
369 2811 557 2889 oppeteret.
590 2793 754 2865 Tandem
768 2794 942 2865 relabente
959 2791 1056 2882 aestu,
1072 2794 1105 2862 a
1118 2787 1237 2864 secun2

263 2910 368 2984 dante
384 2933 504 3003 vento,
529 2913 660 2986 olaudae
678 2937 796 3003 naves,
825 2934 902 2986 raro
920 2910 1080 3009 remigio,
1109 2932 1169 2984 aut
1185 2911 1238 2983 in-

263 3031 365 3103 tentis
389 3032 552 3123 vestibus,
580 3038 613 3106 δι
636 3034 797 3131 quaedam
818 3058 839 3104 a
863 3030 1086 3105 validioribus
1107 3034 1236 3121 tradtae,

263 3154 456 3224 revertere:
489 3177 574 3248 quas
598 3154 725 3249 raptim
750 3151 892 3225 refedtas
916 3153 1018 3241 misrt,
1048 3171 1087 3224 ut
1113 3151 1246 3225 scruta--

263 3292 380 3344 rentur
404 3271 551 3346 insulas:
581 3273 717 3345 colledi
739 3275 778 3344 ed
799 3275 880 3345 eurrl
903 3272 1082 3369 plerique:
1107 3274 1237 3345 multos

264 3392 463 3487 Angrivarii
495 3417 606 3489 nuper
638 3392 673 3463 in
706 3393 814 3464 fidem
847 3391 996 3488 accepti,
1038 3378 1237 3489 redemptos

210 3543 213 3546 ·
263 3509 309 3579 ab
329 3509 545 3585 interioribus
568 3511 770 3585 reddidere:
803 3511 947 3608 quidam
970 3511 1005 3582 in
1027 3510 1234 3583 Britanniam

262 3627 365 3723 rapti,
390 3633 422 3700 δι
440 3632 563 3704 remissi
579 3658 600 3703 a
617 3630 756 3730 regulis.
806 3633 859 3703 Ut
884 3631 962 3728 quis
979 3657 1023 3704 ex
1040 3628 1235 3726 longinquo

262 3769 451 3838 tel‘enerat,
487 3759 513 3793 “
532 3751 723 3836 miraculaf'
754 3755 951 3841 narrabant,
983 3749 1099 3821 “vim
1124 3744 1255 3854 turbi-v
