2602 4716
333 335 681 417 domatum
715 329 826 402 Lra.
852 328 898 401 11.
1098 358 1164 430 103

184 506 250 596 est,
286 507 313 545 “
328 499 566 600 srudibusque
596 499 668 601 ejus
701 503 808 576 levari
842 505 939 607 posse
971 479 1166 582 centesrmae

183 635 213 672 “
231 625 403 724 vedigal''
425 622 598 726 professus
615 622 741 716 Caesar,
758 626 1031 702 ducentefimam
1049 625 1085 697 in
1102 654 1165 724 po-

180 750 307 824 stennn
324 747 451 823 statuit.
502 749 569 820 Per
591 744 686 820 idem
703 768 841 845 tempus
859 747 1040 820 Antiocho
1057 746 1166 820 Coma

179 896 424 971 magenorum,
446 868 674 966 Philopatore
690 868 844 943 Cilicum
861 868 1004 969 regibus
1020 866 1167 943 defunc·

177 993 236 1083 tis,
271 994 507 1085 turbabantur
538 989 711 1080 nationes,
745 988 916 1091 plerisque
945 994 1167 1084 Romanum,

179 1115 253 1190 aliis
270 1115 409 1215 regium
432 1112 621 1211 imperium
647 1111 895 1219 cupientibus:
924 1112 1168 1209 &provinciae

178 1237 273 1333 Syria
290 1257 397 1336 atque
414 1237 554 1332 Judtea,
579 1231 674 1308 feffae
691 1232 870 1329 oneribus,
891 1233 1171 1314 deminutionem

181 1358 305 1434 tributi
323 1361 478 1432 orabant.

230 1480 368 1554 XLIII.
394 1480 537 1553 Icrrun
554 1481 647 1570 haec,
662 1455 703 1550 sdc
720 1478 765 1551 de
784 1476 953 1551 Armenia
971 1501 1051 1574 quae
1067 1458 1170 1575 supra

121 1628 122 1631 ¹
180 1599 389 1689 memoravi,
403 1602 499 1697 apud
515 1621 628 1697 patres
645 1597 818 1673 differuit:
847 1605 875 1641 “
894 1624 957 1671 nec
975 1601 1070 1695 posse
1088 1625 1167 1672 mo·

142 1755 147 1765 ·
184 1727 310 1795 “tum
339 1720 519 1795 Orientem
547 1720 609 1794 nisi
641 1720 845 1815 Germanici
877 1719 1041 1818 sapientiai
1069 1746 1167 1794 com-

184 1851 211 1886 “
231 1843 328 1942 poni.
378 1845 476 1916 Nam
492 1840 588 1916 suam
612 1863 751 1917 aetatem
773 1868 934 1941 vergere,
958 1844 1062 1916 Drusr
1081 1867 1169 1916 non·

185 1965 318 2038 “dum
340 1963 418 2040 satis
442 1944 667 2038 adoleviffe.’'
716 1966 823 2038 Tunc
846 1965 989 2038 decreto
1012 1987 1169 2063 patrum,

179 2085 350 2184 permiffae
376 2086 588 2160 Germanico
616 2084 828 2184 provinciae,
858 2109 941 2184 quae
965 2087 1050 2161 mari
1078 2087 1182 2161 divi-·

178 2211 322 2299 duntur,
340 2205 520 2306 majusque
538 2208 727 2306 imperium
746 2207 892 2306 quoquo
910 2207 1046 2298 adisset,
1061 2210 1171 2307 quiam

178 2328 231 2404 his
254 2330 316 2428 qui
337 2329 428 2404 sorte
449 2350 509 2403 aut
534 2328 638 2402 miffu
657 2328 829 2428 Principis
846 2328 1054 2402 obtinerent.
1105 2330 1173 2402 Sed

178 2450 344 2524 Tiberius
368 2450 574 2524 demoverat
596 2448 692 2547 Syriai
714 2449 894 2527 Creticum
918 2449 1089 2540 Silanum,
1111 2474 1172 2547 per

181 2570 400 2643 adfinitatem
418 2596 619 2645 connexum
632 2571 964 2669 Germanic0,‘quia
980 2566 1084 2645 Silani
1101 2570 1172 2643 filia
1226 2621 1240 2651 ,

182 2691 333 2781 Neroni,
361 2692 587 2768 vetustiffimo
613 2682 806 2801 liberorum
832 2693 916 2793 ejus,
947 2694 1047 2790 paeta
1074 2711 1169 2764 erat:

184 2810 459 2913 praefeceratque
477 2817 544 2890 Cn.
563 2814 727 2890 Pisonem
745 2816 888 2916 ingenio
906 2814 1118 2904 violentum,
1137 2817 1171 2886 δι

183 2930 340 3029 obsequii
368 2935 550 3034 ignarum,
581 2937 676 3015 insrtd
702 2936 833 3012 ferocia
859 2962 879 3009 a
910 2954 1007 3032 patre
1032 2931 1171 3025 Pisone,

182 3051 246 3152 qui
271 3051 365 3125 civili
388 3056 481 3129 bello
502 3056 718 3158 resurgentes
741 3061 777 3133 in
800 3057 919 3146 Africd
941 3077 1054 3155 partes
1076 3082 1180 3139 acer2

181 3174 273 3248 rimo
287 3172 475 3249 ministerio
485 3179 650 3254 adversus
663 3180 834 3257 Caesarem
845 3178 959 3279 juvit:
988 3202 1073 3250 mox
1086 3179 1171 3248 Bru·

183 3313 262 3368 tum
282 3299 316 3368 δι
334 3295 486 3373 Caffrum
503 3297 651 3394 secutus,
670 3304 832 3376 concesso
850 3301 975 3389 reditu,
1006 3295 1173 3395 petitione

182 3417 360 3492 honorum
377 3419 552 3511 abstinuit,
569 3425 681 3497 donec
699 3420 792 3496 ul'tro
810 3421 1003 3496 ambiretur
1016 3421 1173 3494 delatum

181 3540 228 3612 ab
247 3539 413 3638 Augusto
430 3540 648 3617 consulatum
664 3545 831 3642 accipere.
883 3543 951 3615 Sed
969 3563 1096 3638 praetcr
1113 3568 1172 3639 pa-

122 3749 125 3753 ,
181 3679 297 3736 ternos
319 3643 472 3759 spiritus,
499 3662 622 3740 uxoris,
635 3691 777 3763 quoque
794 3662 972 3736 Plancinae
989 3663 1173 3737 nobilitate

182 3782 218 3858 dr
246 3781 374 3882 opibus
398 3783 677 3860 accendebatur:
708 3785 770 3860 vix
792 3782 939 3858 Tiberio
964 3786 1170 3869 concedere,

615 3908 701 4023 He
