2512 4696
367 349 678 421 Annnnrun
711 345 822 418 Lrn.
854 344 917 419 IV.
1089 375 1159 450 225

182 522 290 597 virtus
311 518 458 594 infensos
484 520 606 609 habet,
630 536 680 592 ut*
695 516 798 591 nimis
824 543 869 590 err
886 514 1087 615 propinquo
1103 519 1158 593 di·

182 642 276 733 tersa
290 665 449 739 arguens.
498 640 569 714 Sed
586 638 631 712 ad
647 637 802 738 incoepta
817 639 933 712 redeo.

228 763 401 837 XXXIV.
438 761 652 835 Conunaro
685 760 804 851 Cosso,
842 756 963 838 Asinio
998 757 1160 857 Agripr

178 876 400 973 Consulibus,
414 880 615 957 Cremutius
627 880 765 954 Cordus
777 879 983 978 postulatur,
1001 904 1097 951 novo
1116 904 1158 951 ac

176 1022 260 1077 tunc
279 1001 437 1100 primum
460 1000 583 1076 audito
604 1000 764 1092 crimine,
790 999 902 1098 quod,
928 997 1027 1073 editis
1050 1024 1157 1073 anna-

179 1123 284 1214 libus,
309 1123 523 1219 laudatoque
555 1123 613 1197 M.
630 1124 750 1212 Bruto,
763 1122 818 1195 C.
834 1120 986 1194 Cassium
1006 1119 1158 1190 Romano·

125 1268 126 1271 ’
178 1270 249 1319 rum
265 1246 409 1316 ultimum
426 1242 577 1316 dixisset.
629 1239 847 1318 Accusabant
874 1238 1003 1314 Satrius
1027 1240 1158 1312 Secun-

179 1364 258 1454 dus,
283 1369 316 1438 &
340 1362 496 1437 Pinarius
516 1364 639 1453 Natta,
662 1361 775 1461 Sejani
792 1361 959 1434 clientes:
985 1361 1022 1433 id
1044 1361 1159 1459 pemi·
1197 1354 1201 1366 i

175 1483 306 1559 eiabile
323 1509 397 1575 reo,
424 1481 584 1557 &Casar
607 1482 696 1557 truci
718 1485 819 1556 vultu
843 1482 1080 1557 defensionem
1099 1508 1158 1556 ac·

180 1604 334 1705 cipiens;
360 1630 467 1703 quam
489 1602 700 1694 Cremutius,
716 1602 953 1701 relinquendae
977 1603 1058 1677 vitae
1083 1627 1158 1677 cer-

179 1745 247 1817 tus,
271 1724 308 1800 in
329 1727 425 1802 hunc
448 1726 596 1800 modum
618 1723 757 1798 exorsus
778 1724 850 1798 est:
883 1727 1042 1798 “Verba
1063 1750 1157 1818 mea,

48 1864 51 1867 ’
174 1833 343 1947 “patres
378 1845 575 1945 conscripti,
612 1866 827 1945 arguuntur:
865 1845 953 1919 adeo
987 1844 1170 1921 factorum·
1224 1866 1227 1872 '

179 1972 209 2012 “
226 1968 393 2045 innocens
410 1967 499 2045 sum.
548 1968 616 2041 Sed
643 1991 757 2066 neque
780 1968 855 2041 haec
880 1967 917 2041 in
942 1967 1158 2066 Principem,

178 2093 208 2132 “
225 2110 285 2164 aut
300 2089 470 2187 Principis
486 2109 681 2187 parentem,
701 2114 790 2188 quos
806 2090 864 2167 lex
878 2088 1063 2188 majestatis
1081 2117 1157 2165 am·

175 2214 204 2252 “
220 2209 407 2309 pleditur:
426 2213 575 2285 Brutum
594 2215 628 2285 &
646 2209 801 2284 Casllum
819 2210 1008 2309 laudavisse
1024 2211 1126 2286 dicor
1142 2240 1156 2300 ς

177 2335 206 2372 “
223 2308 377 2431 quorum
396 2358 449 2406 res
467 2332 576 2431 gestas
609 2333 691 2407 clun
725 2330 864 2431 plurimi
883 2328 1156 2427 composuerint,

176 2456 330 2528 “nemo
357 2455 428 2524 fine
454 2453 589 2527 honore
605 2451 825 2528 memoravit.
875 2449 980 2524 Titus
1011 2448 1153 2540 Livius,

177 2572 206 2612 “
223 2570 432 2669 eloquentiae
459 2598 501 2646 ac
527 2571 611 2646 fidei
638 2575 825 2673 praeclarus
855 2570 892 2645 in
922 2567 1057 2672 primis,
1088 2571 1156 2648 Cn.

57 2742 59 2749 ,
178 2695 206 2732 “
224 2689 434 2790 Pompeium
449 2692 550 2769 tantis
566 2692 728 2768 laudibus
743 2693 835 2783 tulit,
866 2716 904 2768 ut
934 2693 1157 2790 Pompeianum

179 2814 209 2861 “
225 2835 307 2890 eunt
335 2812 515 2911 Augustus
541 2817 758 2913 appellaret:
790 2837 906 2912 neque
933 2812 970 2886 id
994 2812 1157 2897 amicitia
1224 2878 1227 2883 ,

151 2936 209 3008 .“
226 2956 348 3011 eorum
376 2931 503 3006 offecit.
566 2934 781 3033 Scipionem,
819 2932 1020 3027 Afranium,
1063 2935 1156 3008 hunc

160 3110 161 3119 ,
179 3057 210 3096 “
226 3049 342 3150 ipsum
359 3050 525 3146 eaffium,
543 3055 637 3128 hunc
652 3059 816 3147 Brutum,
829 3054 1002 3154 nusquam
1023 3056 1157 3128 latrones

178 3180 208 3217 “
227 3175 268 3250 (θ’
278 3174 477 3274 parricidas,
506 3200 584 3275 quae
610 3202 703 3255 nunc
720 3179 893 3252 vocabula
909 3177 1153 3275 imponuntur,

179 3301 208 3338 “
226 3293 317 3392 saepe
341 3315 381 3369 ut
396 3292 545 3393 insignes
561 3294 653 3379 viros
669 3297 837 3373 nominat.
863 3296 973 3371 Asinii
990 3294 1157 3371 Pollionis

179 3420 208 3457 “
225 3414 365 3513 scripta,
401 3414 580 3514 egregiam
612 3419 819 3492 eorumdem
843 3394 1049 3491 memoriam
1086 3434 1157 3489 tra·

180 3540 210 3579 “
227 3537 327 3610 dunt.
377 3535 528 3611 Messala
539 3536 727 3638 Corvinus,
745 3541 958 3635 imperatorem
968 3539 1064 3634 slsum
1081 3538 1160 3633 Caf-

178 3660 208 3698 “
235 3682 300 3730 tunt
326 3653 569 3755 praedicabat:
602 3660 636 3728 &
659 3675 806 3750 uterque
830 3655 1024 3758 opibusque
1055 3674 1161 3752 atque

178 3780 208 3830 1‘
226 3777 417 3867 honoribus
441 3773 657 3883 pervigusre.
707 3773 824 3858 Marci
851 3777 1028 3862 Ciceronis
1057 3775 1161 3872 libr0‚

656 3895 921 4067 0,,
