2602 4716
106 372 150 443 62
340 368 859 443 C.Conuat11TAc1r1

105 552 133 588 “
152 567 237 639 quos
255 562 366 616 mater
383 543 441 617 sua
458 545 493 618 in
511 544 718 619 memoriam
736 531 886 644 Aug'usti
913 543 1080 625 sacrasset,

107 670 134 712 “
152 665 228 734 Nec
247 686 369 737 contra
388 666 572 764 religiones
591 666 679 756 fieri,
714 666 811 764 quod
844 666 975 765 effigies
992 667 1078 767 ejus,

104 787 131 833 s‘
149 783 269 856 utalia
286 785 475 887 numinum
493 790 685 876 simulacra,
716 787 974 861 venditionibus
1000 766 1080 861 hor-

104 911 267 978 “torum
307 912 341 978 δι
374 910 554 981 'domuum
587 910 764 982 accedant.
829 906 1078 1006 Jusjurandum
1126 959 1129 962 <

105 1034 131 1068 “
151 1026 293 1123 perinde
310 1029 567 1119 aestimandum,
602 1031 709 1130 quim
738 1033 761 1102 fi
788 1032 916 1125 Jovem
944 1028 1081 1105 sesellis⁴

104 1154 131 1195 “
150 1145 220 1220 set:
253 1151 402 1223 deonrm
413 1150 558 1248 t‘mjurias
575 1152 639 1224 diis
657 1153 785 1225 curae.²'

62 1255 70 1277 ’
150 1271 320 1343 LXXIV.
359 1273 446 1344 Nae
478 1298 615 1345 uunro
645 1272 720 1370 post
736 1272 909 1345 Granium
926 1275 1083 1347 Marcel·

101 1391 190 1479 lum,
219 1413 404 1489 praetorem
438 1393 623 1490 Bithyniae,
659 1394 807 1491 quaestor
833 1393 938 1490 ipsius
959 1392 1083 1489 Caepio

101 1510 280 1609 Crispinus
306 1512 490 1614 majestatis
523 1514 724 1612 postulavit,
757 1512 988 1588 subscribente
1005 1518 1081 1588 Ro·

101 1659 207 1705 mano
240 1633 425 1731 Hispone:
464 1635 523 1733 qui
553 1634 704 1710 formam
735 1636 814 1708 vitae
851 1635 940 1726 iniit,
975 1663 1081 1734 quam

101 1754 219 1851 postea
235 1757 411 1828 celebrem
439 1755 581 1829 miseriae
616 1778 830 1854 temporum,
866 1761 900 1830 &
926 1756 1082 1829 audaciae

75 1935 81 1942 ,
100 1875 285 1948 hominum
301 1874 483 1948 fecerunt:
516 1902 598 1949 nam
616 1903 738 1974 egens,
756 1876 912 1975 ignotus,
928 1877 1080 1976 inquies,

100 1995 186 2066 dum
219 1995 365 2067 occultis
394 1994 518 2067 libellis
545 1995 683 2067 saevitiae
731 1997 897 2093 principis
930 1983 1080 2093 adrepit,

99 2141 186 2200 mox
204 2114 385 2187 clarissimo
403 2114 530 2211 cuique
549 2113 744 2210 periculum
777 2112 919 2206 sacesfit,
955 2137 1080 2213 poten·

100 2234 184 2308 tiam
216 2235 311 2331 apud
338 2261 465 2325 unum,
498 2235 620 2308 odium
650 2235 744 2333 apud
768 2258 890 2307 omnes
917 2235 1078 2333 adeptus,

99 2356 196 2429 dedit
213 2357 433 2454 exemplum,
460 2357 557 2455 quod
574 2355 691 2447 secuti,
718 2383 763 2430 ex
789 2355 1000 2455 pauperibus
1024 2358 1080 2430 di-

100 2477 200 2568 vites,
231 2502 276 2551 ex
305 2477 516 2575 contemptis
549 2476 740 2579 metuendi,
776 2476 966 2575 perniciem
1003 2479 1079 2552 aliis

100 2625 140 2671 ac
158 2599 373 2695 postremum
396 2597 455 2671 fibi
481 2599 657 2699 invenere.
707 2600 774 2671 Sed
792 2601 1006 2673 Marcellum
1024 2599 1080 2673 in·
1145 2692 1149 2701 ¹

99 2721 291 2811 simulabat,
336 2726 363 2763 “
379 2720 523 2793 finistros
554 2721 599 2793 de
637 2719 784 2794 Tiberio
811 2718 986 2794 sermones
1018 2723 1081 2794 ha-

102 2849 128 2886 “
148 2840 257 2915 buill'e
274 2842 310 2911 2’?
337 2840 534 2914 inevitabile
558 2840 704 2934 crimen,
733 2843 816 2914 cum
850 2867 895 2913 ex
909 2829 1082 2916 moribus

99 2960 272 3058 Principis
300 2958 485 3034 foedisfima
514 2989 663 3060 quaeque
689 2962 858 3060 deligeret
887 2961 1080 3055 accusator,

100 3080 359 3181 objeslaretque
380 3109 472 3155 reo:
505 3110 586 3156 nam
614 3084 695 3182 quia
723 3109 805 3155 vera
838 3090 945 3175 erant,
976 3084 1081 3157 etiam

73 3186 191 3276 'dieta
224 3205 464 3276 credebantur.
527 3198 677 3277 Addidit
722 3203 851 3302 Hispo,
896 3205 1080 3278 “stanam

100 3331 126 3374 ⁴‘
146 3324 309 3397 Marcelli
325 3322 440 3413 altilia,
476 3325 583 3421 quam
612 3323 786 3397 Caesanrm
802 3328 923 3397 snam:
952 3331 985 3398 δι
1014 3324 1080 3398 alia

99 3440 179 3511 “in
206 3444 326 3531 statua,
362 3464 544 3541 amputato
578 3446 693 3542 capite
723 3446 886 3544 Augusti,
926 3444 1077 3541 effigiem

98 3561 277 3651 “Tiberii
311 3564 457 3636 inditam
473 3566 508 3636 :''
548 3565 594 3637 ad
626 3567 722 3663 quod
755 3570 877 3638 exarfit
904 3563 1003 3652 adeo,
1037 3584 1078 3636 ut
1176 3561 1178 3567 ’

96 3685 196 3778 rupta
222 3683 453 3757 taciturni-tate
486 3680 732 3781 proclamaret,
768 3683 841 3758 “se
873 3682 1014 3782 quoque
1039 3683 1078 3756 in

97 3809 124 3858 ‘·‘
143 3805 183 3875 ea
199 3806 299 3876 caussa
315 3804 468 3877 laturum
486 3805 688 3885 sententiam
703 3808 819 3906 palam
833 3810 866 3878 &
878 3803 1079 3902 juratum,'⁸
