2796 4724
280 336 350 408 218
511 331 553 404 C.
577 327 817 400 Cornum
842 323 1028 403 Tncrr‘r

276 509 444 600 militum,
470 528 600 581 terrore
622 504 774 580 nominis
800 502 970 594 Romani,
998 483 1032 577 dc
1060 507 1145 603 quia
1171 511 1254 586 Nu.

274 630 379 705 midae
398 629 557 727 peditum
579 628 690 702 aciem
713 625 803 701 ferre
832 646 1023 724 nequeunt,
1050 627 1167 723 primo
1201 630 1256 706 sui

276 750 406 824 incessu
438 746 541 820 solvit
569 747 758 836 obsidium,
795 749 1026 845 locorumque
1056 771 1257 847 opportuna

278 868 520 969 permunivit:
549 870 649 941 fimul
679 868 850 966 principes
879 867 1162 964 Musulanorum,
1189 857 1268 945 de?

257 989 464 1065 ¹sectionem
482 1008 687 1087 coaptantes,
706 986 810 1063 securi
825 990 983 1087 percutit.
1034 991 1140 1081 Dein,
1167 992 1256 1090 quia

177 1100 182 1107 ⁴
275 1111 435 1209 pluribus
463 1109 649 1184 adversitm
679 1109 939 1184 Tacfarinatem
971 1110 1255 1208 expeditionibus

263 1231 476 1331 cognitum,
505 1257 577 1305 non
609 1232 724 1328 gravi,
758 1257 824 1305 nec
852 1258 924 1305 uno
948 1231 1083 1306 incursu
1115 1232 1255 1307 consec-

275 1353 424 1450 tandum
450 1351 586 1425 hostem
605 1378 765 1451 vagum3
793 1353 908 1428 excito
933 1380 1018 1428 cum
1035 1353 1258 1458 popularibua
1319 1385 1322 1393 ·

275 1499 358 1573 rege
374 1474 582 1562 Ptolemaeo,
610 1495 761 1572 quatuor
793 1475 936 1574 agmina
958 1495 1070 1573 parat,
1102 1492 1182 1573 quae
1206 1476 1254 1547 le-

275 1594 363 1695 gatis
390 1611 450 1667 aut
467 1592 629 1667 tribunis
652 1596 756 1669 data:
795 1594 1087 1694 &xpraedatorias
1116 1619 1254 1685 manus,

273 1715 400 1790 delecti
421 1719 635 1791 Maurorum
659 1717 817 1813 duxdrc:
841 1717 917 1816 ipse
941 1714 1116 1792 consultor
1136 1717 1255 1789 aderat

275 1837 451 1913 omnibus.
1073 1904 1077 1908 ,
1175 1894 1177 1902 2

251 1946 255 1948 ”
321 1959 439 2033 XXV.
465 1959 555 2031 Nnc
581 1955 693 2031 multo
721 1959 803 2055 post
835 1956 1003 2048 adfertur,
1033 1957 1257 2032 “Numidas

275 2079 418 2174 “apud
447 2079 624 2152 castellum
653 2077 875 2167 semirutum,
898 2080 944 2150 ab
965 2077 1046 2172 ipsis
1068 2079 1251 2173 quondam

272 2205 302 2243 “
318 2194 510 2289 incensum,
549 2198 605 2273 cui
628 2223 758 2270 nomen
791 2200 929 2285 Auzea,
968 2195 1084 2292 positis
1122 2221 1245 2293 mapa-

181 2412 185 2422 ,
275 2320 411 2394 “libus
435 2319 644 2405 consediffe3
672 2315 749 2391 fisos
771 2319 864 2408 locu,
891 2315 973 2415 quia
993 2313 1093 2388 vastis
1109 2313 1246 2390 circum

272 2448 300 2485 “
319 2438 457 2516 saltibus
474 2442 738 2516 claudebatur.’'
787 2440 886 2513 Tum
903 2436 1074 2536 expedita
1087 2437 1248 2510 cohortes

272 2564 420 2663 alaeque,
448 2547 555 2661 quam
578 2562 614 2635 in
642 2582 779 2660 partem
807 2561 1014 2634 ducerentur
1031 2559 1173 2658 ignara,
1200 2557 1252 2631 ci·

270 2702 310 2757 to
327 2684 470 2784 agmine
492 2681 684 2782 rapiuntur.
734 2681 917 2779 Simulque
939 2700 1076 2778 coeptus
1100 2678 1188 2770 dies,
1216 2683 1255 2769 dt

273 2807 634 2896 concentu‘tubamm,
661 2829 702 2877 ac
718 2801 809 2875 truci
828 2803 981 2875 clamore
992 2802 1133 2875 aderant
1150 2799 1253 2875 semi·
1346 2854 1349 2863 .

272 2923 409 3000 somnos
432 2927 468 3001 in
495 2928 682 3000 barbaros:
723 2922 920 3022 praepeditis
948 2923 1186 3004 Numidarum
1214 2947 1252 2996 e·

271 3043 365 3146 quis',
392 3067 451 3120 aut
466 3045 620 3122 diversos
644 3045 759 3144 pastus
781 3044 1043 3143 pererrantibus.
1094 3046 1155 3118 Ab
1173 3047 1251 3117 Ro-

269 3170 383 3243 manis
408 3166 581 3243 confertus
611 3168 732 3266 pedes,
758 3163 927 3265 dispofitae
956 3187 1095 3257 turmae,
1122 3166 1251 3239 cuncta

272 3290 401 3388 proelio
418 3286 577 3391 provisa:
606 3288 762 3361 hostibus
779 3287 901 3362 contra
928 3286 1089 3362 omniunt
1114 3285 1249 3378 nesciis,

252 3433 342 3516 'non
363 3437 474 3502 arma,
493 3389 564 3484 non
591 3411 692 3499 ordo,
720 3434 792 3483 non
825 3407 1021 3517 confilium,
1059 3407 1117 3483 sed
1145 3434 1251 3507 peco-

267 3553 350 3600 rum
378 3535 502 3622 modo,
530 3530 633 3622 trahi,
663 3527 792 3621 occidi,
817 3529 909 3629 capi.
959 3508 1115 3605 Infensu‘s
1147 3525 1249 3600 miles

270 3649 440 3724 memoria
471 3654 647 3744 laborum,
674 3657 708 3726 ἃ
736 3652 923 3727 adversum
949 3654 1125 3726 eludentes
1145 3665 1249 3744 opta··
1298 3668 1303 3677 ·

269 3791 313 3846 tae
352 3766 478 3844 totiens
515 3798 661 3872 pugna,
704 3771 738 3847 se
764 3772 907 3873 quisque
937 3775 1070 3849 ultione
1102 3773 1136 3843 δι
1170 3765 1249 3843 san-
