2512 4680
94 311 165 395 226
329 308 372 379 C.
407 282 915 387 consummeris

100 492 129 529 “
145 503 215 582 quo
229 480 404 552 Catonem
420 483 507 556 caelo
529 481 693 579 aequavit‚
717 480 805 580 quid
821 481 917 554 aliud
930 482 1086 573 didatus

99 614 128 651 “
144 595 262 687 Caesar,
283 599 394 696 quim
411 599 571 700 rescripti
587 603 757 694 oratione,
784 603 880 675 velut
896 605 992 697 apud
1016 600 1082 700 ju·

100 719 233 794 “dices
252 717 456 816 respondit?
481 722 628 795 Antonii
645 722 811 819 epistolae,
824 720 918 795 Bruti
930 722 1080 796 concio-

98 854 124 890 “
142 866 214 930 nes,
232 835 312 916 fusa
326 839 473 936 quidem
485 840 522 917 in
540 842 741 940 Augustum
754 844 896 938 probra,
909 838 967 912 sed
980 843 1077 913 mul·

98 973 126 1010 “
143 965 178 1036 td
193 985 273 1034 cum
290 959 477 1041 acerbitate
495 963 649 1036 habent:
686 956 841 1036 carmina
856 959 1014 1035 Bibaculi
1038 963 1076 1037 ὅτ

98 1094 127 1130 “
145 1080 282 1170 Catulli,
311 1079 436 1155 referta
452 1082 672 1157 contumeliis
697 1069 873 1161 Caesarum
898 1083 1077 1180 leguntur.

97 1213 123 1257 ‘⁴
141 1203 208 1278 Sed
223 1200 292 1300 ipse
309 1202 414 1276 divus
431 1203 560 1300 Julius,
592 1203 663 1301 ipse
691 1204 795 1279 divus
813 1201 1008 1303 Augustus,
1043 1205 1078 1297 ξι
1184 1232 1189 1239 ·

97 1333 125 1371 “
143 1326 251 1402 tulere
276 1322 352 1414 ista,
380 1329 414 1398 ἃ
442 1325 612 1424 reliquere
624 1353 634 1410 ;
664 1326 761 1398 haud
787 1323 885 1399 facile
911 1322 1080 1414 dixerim,

96 1454 125 1489 “
144 1445 382 1522 moderatione
401 1444 527 1544 magis,
546 1472 589 1519 an
605 1444 772 1544 sapientis
788 1474 797 1518 ι
816 1471 969 1543 namque
986 1443 1079 1543 spre-

98 1574 127 1614 “
144 1589 179 1643 ta
196 1565 396 1643 exolescunt
413 1595 421 1639 ε
453 1570 477 1639 s1
494 1565 650 1657 irascare,
674 1565 820 1665 adgnita
835 1565 1036 1649 videntur.'¹

90 1766 95 1775 Ι
149 1691 307 1764 XXXV.
334 1694 366 1728 “·
381 1688 467 1759 Non
482 1690 617 1786 attingo
634 1688 791 1777 Grecos,
823 1712 976 1784 quorum
1005 1710 1080 1761 non

99 1815 129 1852 “
146 1807 255 1891 modo
287 1806 441 1896 libertas,
473 1807 579 1880 etiam
611 1806 721 1879 libido
754 1807 949 1905 impunita:
974 1809 1081 1883 autst

100 1936 129 1975 “
148 1928 224 2025 quis
254 1925 415 2013 advertit,
446 1925 546 2000 dicus
563 1926 656 1998 dista
672 1928 765 2000 ultus
781 1927 841 2002 est.
892 1928 960 2000 Sed
977 1952 1080 2001 marc-¹

100 2054 128 2089 “
146 2045 216 2118 ime
242 2044 407 2130 solutum,
430 2047 464 2114 δι
484 2046 552 2117 fine
569 2046 801 2117 obtrectatore
828 2044 910 2135 fuit,
932 2048 1082 2142 prodere

99 2173 126 2215 “
144 2165 190 2237 de
203 2162 244 2238 iis
259 2185 347 2258 quos
358 2186 453 2234 mors
465 2160 549 2234 odio
561 2180 620 2234 aut
631 2161 751 2259 gratiae
767 2163 957 2235 exemisset.
976 2166 1079 2240 Num

102 2294 130 2330 “
149 2311 232 2358 cum
261 2281 400 2356 armatis
424 2283 536 2357 Caffro
560 2287 593 2355 δι
621 2285 741 2372 Bruto,
777 2307 817 2355 ac
838 2280 1079 2379 Philippenses
1180 2356 1183 2369 ,

100 2415 134 2451 “
153 2429 298 2502 campos
315 2401 568 2507 obtinentibus,
602 2402 683 2476 belli
714 2400 828 2476 civilis
843 2404 947 2474 caus&
962 2426 1077 2499 popu-

82 2538 133 2631 ,“
153 2530 226 2603 lum
255 2551 317 2624 per
344 2524 530 2600 conciones
557 2523 736 2597 incendo?
773 2527 834 2597 An
854 2521 908 2629 ‚ini
934 2522 1080 2621 quidem

105 2658 135 2697 “
153 2647 403 2746 sexagesimum
420 2667 499 2719 ante
517 2671 648 2719 annum
665 2643 851 2743 perempti,
882 2645 1082 2743 quomodo

106 2779 134 2816 “
153 2766 364 2868 imaginibus
380 2764 446 2840 suis
463 2765 662 2857 noscuntur,
687 2790 775 2864 quas
803 2790 848 2842 ne
872 2764 985 2839 victor
1002 2764 1079 2863 qui·
1139 2757 1142 2766 ’

108 2900 136 2936 “
154 2893 237 2965 dem
253 2887 421 2980 abolevit,
440 2893 484 2963 fic
503 2906 636 2986 partem
653 2883 831 2962 memoria
853 2887 950 2984 apud
977 2884 1081 2985 scrip·

108 3022 137 3058 “
155 3035 243 3086 tores
267 3009 446 3087 retinent?
477 3011 586 3085 Suum
614 3007 741 3106 cuique
767 3009 876 3086 decus
909 3008 1082 3113 posteritas

108 3144 136 3181 “
156 3130 337 3231 rependit:
365 3157 430 3233 nec
446 3132 607 3222 deerunt,
631 3127 847 3234 fidamnatio
863 3127 1007 3228 ingruit,
1020 3115 1083 3226 'qui

107 3265 135 3302 ‘⁶
155 3281 225 3328 non
242 3250 351 3326 modo
367 3250 469 3326 Cassii
492 3255 525 3324 δι
547 3249 654 3339 Bruti,
676 3248 852 3326 sedetiam
870 3252 942 3327 mei
959 3248 1084 3325 memi-

108 3385 137 3418 “
156 3374 305 3447 nerint.''
358 3374 518 3474 Egressus
534 3371 615 3446 dein
631 3369 763 3460 senatu,
783 3369 893 3444 vitam
910 3370 1083 3446 abstinen-

107 3474 156 3566 tia
180 3493 318 3568 finum
338 3495 456 3587 >uimos
488 3519 550 3592 per
565 3492 687 3568 aedilesv
699 3492 905 3568 cremandos
924 3491 1082 3567 censum

106 3627 234 3711 Patres,
258 3611 317 3684 sed
340 3615 539 3690 manserunt
564 3611 741 3703 occultati,
769 3615 803 3685 δι
844 3611 937 3685 editi.
997 3603 1080 3704 Qrb

105 3725 215 3830 magis
233 3725 425 3811 socordiam
453 3761 577 3815 eorum
598 3733 749 3823 inridere
771 3731 871 3821 libet,
901 3726 961 3841 qui
988 3752 1077 3824 prae·
