2796 4724
258 338 325 414 166
470 330 998 408 C.Conuss11Trrc1r1

254 511 368 612 Igitur
382 511 424 583 C.
441 506 575 581 Cestius
585 506 719 580 senator
730 505 905 605 disseruit3
935 510 962 546 “
975 502 1153 602 Principes
1165 505 1243 605 qui·

163 614 165 619 i
257 633 384 704 “dem
411 627 517 703 instar
545 628 695 702 deorum
719 631 813 701 effe:
844 626 901 702 sed
924 650 1036 723 neque
1053 651 1074 696 a
1089 625 1156 700 diis
1180 627 1241 701 nisr
1282 717 1287 725 Ι

256 758 285 795 “
295 747 610 851 justassupplicum
624 774 743 847 preces
755 748 880 839 audiri,
896 771 1010 846 neque
1023 770 1242 844 quemquam

256 878 284 915 “
302 870 339 945 in
351 869 584 968 Capitolium,
599 870 710 944 aliave
723 869 833 944 Urbis
845 870 977 967 templa
990 864 1186 965 perfugere,
1199 887 1239 941 ut

257 995 285 1036 “
303 1018 345 1065 eo
370 990 520 1065 subsidio
543 993 589 1065 ad
617 990 749 1090 flagitia
771 1010 900 1068 utatur.
951 988 1112 1064 AboIitas
1129 989 1238 1087 leges,
1318 1024 1348 1049 ·.

256 1121 283 1156 “
303 1118 336 1186 δι
353 1110 508 1189 funditus
525 1110 651 1204 versas,
679 1114 742 1187 ubi
759 1113 795 1186 in
812 1113 901 1202 soro,
926 1112 962 1186 in
981 1111 1104 1185 limine
1120 1109 1238 1200 curia,

257 1240 285 1277 “
302 1234 347 1307 ab
362 1233 480 1312 Annia
491 1236 637 1326 Rufius,
663 1261 772 1332 quam
784 1233 916 1308 fraudis
932 1231 1126 1334 subjudice
1138 1234 1238 1307 dam-
1269 1321 1277 1355 ὅ

149 1449 150 1453 ¹
257 1360 285 1398 “
303 1353 463 1445 nevisset,
494 1358 623 1453 probra
640 1355 752 1430 fibi&
771 1356 875 1432 minae
898 1356 1151 1462 intendantur:
1178 1378 1240 1427 ne-

256 1481 284 1519 “
305 1501 375 1573 que
399 1473 470 1573 ipse
487 1477 612 1551 audeat
628 1476 680 1572 jus
697 1478 859 1576 experiri,
887 1481 936 1552 ob
952 1464 1106 1576 effigiem
1122 1478 1240 1573 Impe-

257 1603 286 1639 “
305 1596 422 1670 ratoris
438 1600 670 1695 opposrtam.'’
695 1601 808 1674 Haud
828 1599 998 1674 dissimilia
1015 1599 1085 1689 alii,
1114 1603 1148 1671 δι
1163 1596 1242 1696 qui·
1332 1662 1334 1664 .

254 1718 341 1790 dam
382 1717 552 1790 atrociora
594 1718 948 1818 circumstrepebant;
996 1722 1241 1818 precabantur·

256 1866 327 1939 que
354 1836 523 1929 Drusum,
550 1842 689 1913 “daret
717 1841 860 1914 ultionis
890 1844 1096 1940 exemplum
1113 1842 1150 1913 :’'
1175 1841 1240 1914 do·
1280 1833 1286 1847 '
1348 1852 1352 1861 '

257 1987 322 2034 nec
335 1959 483 2035 accitam
494 1961 762 2060 convistamque
778 1961 916 2036 attineri
932 1961 1075 2058 publicas
1086 1961 1244 2046 custodis
1280 2009 1284 2019 ,

250 2079 356 2187 jussit.
708 2073 712 2079 ¹

306 2204 501 2277 XXXVII.
537 2205 594 2275 Er
615 2203 840 2276 Cousrnrus
860 2187 1016 2300 AEquus,
1048 2202 1242 2279 &Coelius
1312 2262 1316 2265 ,

257 2323 383 2400 Cursor
399 2324 532 2428 equites
550 2323 720 2412 Romani,
751 2323 849 2420 quod
866 2322 954 2396 sistis
971 2321 1155 2422 majestatis
1172 2325 1240 2398 cri·
1301 2373 1306 2378 -

259 2444 413 2539 minibus
442 2443 609 2543 Magium
636 2442 883 2542 Caecilianum,
919 2464 1118 2541 pretorem,
1152 2444 1240 2542 peti-

258 2569 395 2658 vissent,
424 2567 565 2643 auctore
581 2562 757 2661 Principe,
787 2590 828 2636 ac
850 2563 990 2636 decreto
1012 2563 1146 2638 senatbs
1177 2592 1243 2664 pu·

204 2744 208 2766 .
258 2690 333 2764 niti.
383 2691 587 2784 Utrumque
598 2685 634 2769 in
646 2686 789 2758 laudem
799 2687 901 2759 Drufi
915 2686 1131 2760 trahebatur:
1158 2693 1187 2729 “
1198 2689 1245 2762 ab

260 2818 288 2855 “
306 2837 363 2902 eo,
398 2809 436 2883 in
459 2810 562 2883 Urbe
578 2808 667 2882 mter
682 2826 795 2881 roetus
812 2810 846 2880 δι
864 2803 1037 2880 sermones
1059 2806 1245 2889 hominurn

260 2937 288 2977 “
307 2931 526 3020 obversante,
553 2928 679 3003 secreta
694 2927 797 3027 patris
809 2927 961 3026 mitigari
976 2928 1012 3003 :’'
1035 2954 1152 3027 neque
1163 2931 1245 3004 lux-

257 3078 299 3128 us
317 3050 352 3123 in
360 3048 495 3148 juvene
512 3049 600 3124 adeb
617 3049 821 3147 displicebat
838 3078 846 3123 ε
874 3057 901 3091 “
919 3051 989 3127 huc
1005 3050 1121 3148 potius
1134 3051 1245 3125 inten-

222 3156 223 3163 .
260 3179 288 3216 “
306 3173 417 3259 deret,
443 3167 538 3241 diem
556 3152 781 3262 editionibus,
811 3173 949 3247 nostem
976 3171 1150 3246 conviviis
1175 3192 1244 3244 tra-

257 3300 289 3385 ‚“
307 3294 418 3381 heret,
450 3290 559 3388 quam
578 3288 668 3364 solus
680 3295 720 3363 -&
737 3291 842 3365 nullis
859 3292 1102 3389 voluptatibus
1119 3319 1256 3367 avoca·-

261 3419 289 3454 “
306 3430 374 3501 tus,
406 3411 561 3543 mastam
590 3410 826 3509 vigilantiam,
858 3416 892 3504 δι
919 3414 1027 3487 malas
1054 3438 1152 3489 curas
1181 3438 1243 3487 ex·

258 3518 288 3556 “
307 3532 445 3584 erceret.
1050 3537 1059 3561 .

308 3632 518 3706 XXXVIII.
531 3632 625 3705 Nou
639 3631 733 3705 enim
745 3632 923 3723 Tiberius,
945 3659 1018 3708 non
1031 3629 1243 3709 accusatores

259 3751 474 3834 fatiscebant.
527 3755 576 3833 Et
601 3753 800 3830 Ancharius
824 3754 959 3833 Priscus
981 3756 1130 3833 Caesrum
1153 3752 1245 3829 Cor-

1077 4041 1080 4046 .
1133 4010 1147 4043 Χ
1314 4030 1330 4065 9
