2776 4724
362 336 910 425 AnunnruMLrn.1ss
1079 377 1173 451 33

143 538 174 574 “
192 530 379 619 immunes,
406 526 466 601 nist
486 523 710 626 propulsandi
737 525 871 600 hostis:
896 525 1012 624 legata
1038 537 1125 626 quae

140 657 171 694 “
186 649 394 750 petiverant,
420 647 554 723 exsolvi
577 647 858 747 duplicarique.''

197 768 394 845 XXXVII.
431 772 574 844 Sensm
609 771 708 843 miles
736 770 773 843 in
798 770 938 866 tempu's
960 770 1124 862 confina,

137 891 324 991 statimque
347 890 543 989 flagitavit:
576 891 687 964 milito
707 916 768 987 per
788 890 949 964 tribunos
973 911 1125 963 matura·
1165 948 1169 957 .

139 1034 219 1088 tur:
256 1010 396 1119 largitio
436 1012 661 1086 differebatur
694 1011 731 1083 in
770 1010 915 1084 hiberna
949 1009 1125 1108 cujusque.

141 1135 227 1207 Non
239 1123 423 1207 abscellere
439 1131 598 1231 quintani
624 1130 988 1228 unetvicesimanique,
1013 1132 1130 1205 donec
1214 1153 1219 1157 ’

141 1252 262 1329 iisdem
284 1255 320 1327 in
345 1253 485 1345 aestivis,
514 1253 690 1355 contreetl
712 1277 757 1324 ex
779 1250 906 1325 viatico
930 1250 1129 1328 amicorum

143 1372 315 1471 ipsiusque
334 1372 479 1487 paesaris
501 1373 661 1470 pecunie,
680 1368 944 1471 persolveretur.
969 1372 1127 1447 Primam

143 1517 184 1567 ac
201 1490 401 1566 vicefimam
417 1493 570 1593 legiones
585 1492 723 1567 Caeeina
739 1494 874 1590 legatus
889 1492 925 1564 in
950 1492 1128 1567 civitatem

144 1613 329 1688 Ubiorum
347 1613 500 1704 reduxit,
515 1615 608 1712 turpi
617 1613 771 1712 agmine,
797 1613 880 1686 clmt
902 1613 973 1685 fisci
994 1613 1039 1684 de
1061 1613 1127 1687 irn-

56 1829 58 1838 χ
147 1753 307 1832 peratore
330 1734 434 1833 rapti,
456 1734 544 1809 inter
566 1737 673 1834 ligna,
701 1735 860 1832 interque
884 1734 1030 1831 aquilas,
1067 1760 1127 1808 ve·

145 1855 321 1929 herentur.
380 1855 609 1931 Germanicus
632 1854 844 1954 superiorem
870 1853 916 1927 ad
935 1854 1130 1929 exercitum

145 1971 336 2074 profestos,
365 1959 610 2050 secundans&
639 1977 964 2050 tertiamdecumam
991 1976 1029 2048 &
1053 1976 1129 2052 sex·
1160 2016 1163 2021 ·

144 2098 407 2172 tamdecumam
424 2097 594 2197 legiones,
617 2098 705 2170 nihil
729 2099 919 2188 cunelatas,
937 2096 1129 2174 sacramen·
1187 2129 1189 2135 ·

144 2238 182 2291 to
208 2218 333 2319 adigit.
399 2218 727 2318 Qartadecumani
760 2220 919 2316 paullum
944 2220 1129 2295 dubitave-

130 2347 244 2413 'rantt
272 2340 474 2439 pecunia&
502 2339 630 2433 milito,
658 2339 821 2438 quamvis
843 2366 915 2412 non
939 2341 1128 2440 flagitanti·

147 2463 226 2553 bus,
249 2463 368 2536 oblata
383 2461 444 2535 est.
1110 2544 1112 2548 Α

195 2582 404 2655 XXXVIII.
430 2587 490 2655 Ar
520 2583 772 2656 rnCrmocrs
801 2585 1003 2682 coeptavere
1041 2581 1130 2656 sedi·

147 2700 297 2792 tionem,
319 2703 522 2802 praefidium
546 2702 717 2802 agitantes
734 2704 906 2778 vexillarii
918 2703 1132 2778 discordium

146 2821 342 2921 legionum,
370 2829 403 2897 δι
422 2823 584 2922 praesenti
599 2827 755 2899 duorum
782 2825 936 2899 militnm
958 2820 1131 2920 supplicio
1231 2886 1239 2902 ,

148 2944 310 3041 paullum
329 2947 470 3040 repressi
485 2943 576 3018 sunt.
627 2948 776 3041 Jufferat
804 2944 841 3017 id
870 2941 1039 3018 Mennius
1061 2941 1130 3016 cas·

151 3082 292 3136 trorum
321 3060 519 3159 praefenus,
551 3068 646 3140 bono
673 3067 786 3166 magis
814 3066 994 3163 exemplo,
1023 3064 1134 3162 quim

149 3183 312 3257 conceffo
325 3179 423 3280 jure.
474 3182 613 3259 Deinde
635 3185 882 3262 intumescente
907 3205 1019 3275 motu,
1048 3208 1130 3280 pro-

147 3287 258 3402 fugus
306 3303 543 3404 repertusque,
592 3309 779 3407 postquam
821 3307 945 3381 intutae
969 3308 1131 3396 latebre,
1180 3317 1215 3338 ‘¹

2 3475 10 3500 t
112 3513 114 3517 v
150 3423 353 3523 praefidium
388 3429 433 3505 ab
473 3427 616 3503 audacil
640 3449 844 3502 mutuatur:
881 3427 1008 3499 “Non
1040 3450 1130 3525 prae-

151 3541 330 3622 “'feelum
368 3549 413 3622 ab
449 3548 504 3640 iis,
537 3546 597 3625 sed
621 3548 874 3622 Germanicum
898 3547 1040 3639 ducem,
1074 3547 1133 3622 sed

151 3668 383 3745 “Tiberium
417 3668 667 3768 imperatorem
703 3667 865 3743 violari.''
926 3670 1038 3744 Simul
1070 3694 1131 3741 ex-

152 3790 280 3866 territis
305 3791 368 3892 qui
397 3791 616 3883 obstiterant,
640 3812 784 3887 raptum
807 3776 980 3865 nexillum
1005 3791 1050 3863 ad
1086 3787 1132 3860 ri-

662 3911 700 3985 D
