2776 4724
357 337 666 406 Anu-nurum
701 334 867 405 Lrs.I.
1090 364 1132 435 31

152 511 352 601 videbatur,
405 511 631 584 “discedere
666 511 701 584 in
742 510 963 607 manipulos’'
1005 509 1133 607 jubet:

154 640 183 675 “
202 637 245 706 stc
269 632 393 706 melius
430 633 609 706 audituros
636 629 861 727 responsum:
898 631 1027 704 vexilla
1049 660 1135 730 prae-

152 761 180 796 “
196 752 291 845 ferri,
325 776 365 828 ut
387 753 423 827 id
440 753 559 827 saltem
583 751 788 826 discerneret
802 752 961 824 cohortes
978 753 1014 823 :''
1038 755 1137 827 tarde

80 910 82 913 ·
152 876 450 973 οὺῐεηιρεῑενότε.
501 877 606 948 Tunc
630 881 693 945 “a
718 873 939 945 veneratione
957 875 1136 971 Augusti''

151 995 258 1087 orsus,
283 996 381 1070 slcxit
411 1003 438 1037 “
452 996 496 1068 ad
510 993 670 1067 vidorias
683 991 949 1091 triumphosque
961 993 1135 1086 Tiberii,''

152 1116 334 1214 praecipuis
358 1115 518 1190 laudibus
542 1116 734 1202 celebrans,
770 1120 796 1154 “
810 1139 889 1209 quae
924 1114 1017 1210 apud
1046 1119 1134 1195 Ger-

63 1265 64 1269 *
153 1238 329 1310 “manias
352 1236 418 1309 illis
445 1263 529 1310 cum
555 1233 753 1332 legionibus
781 1234 1012 1330 pulcherrima
1039 1234 1135 1341 fecis-

158 1365 185 1399 “
203 1356 286 1429 set.'’
314 1363 343 1399 “
358 1357 489 1450 ltaliae'r’
510 1356 591 1429 inde
609 1362 635 1396 “
650 1351 866 1442 consensum,
881 1355 1073 1430 Galliarum
1093 1362 1134 1432 fi.

158 1484 187 1519 “
199 1479 307 1550 dem'’
320 1475 468 1561 extollit3
484 1481 511 1518 “
520 1473 1143 1572 nilusquamturbidumautdiscors.”
1222 1568 1228 1575 Ι

200 1596 361 1669 XXXV.
385 1598 577 1669 Srsunrro
595 1598 684 1685 haec,
708 1596 764 1668 vel
790 1621 969 1667 murmure
993 1600 1136 1674 modico

153 1712 272 1791 audita¹
297 1715 386 1790 sunt.
437 1720 488 1791 Ut
524 1715 727 1790 seditionem
756 1716 886 1816 attigit,
920 1720 1019 1792 “ubi
1059 1748 1135 1794 mo-

48 1833 51 1836 ⁴
103 1878 106 1886 ·
154 1846 184 1931 ‘f
197 1838 304 1911 destia
332 1837 487 1911 militaris
503 1842 522 1913 l,
540 1838 599 1911 ubi
633 1837 760 1911 veteris
785 1836 974 1934 disciplinae
998 1841 1133 1916 decus?

155 1966 186 2001 “⁴
204 1960 357 2056 quc'mam
376 1957 560 2035 tribunos?
575 1958 647 2057 qud
662 1959 880 2063 centuriones
891 1959 1101 2057 exegissent?
1113 1967 1135 1996 '’

150 2078 330 2177 rogitans:
374 2080 506 2151 nudant
533 2078 682 2152 universi
714 2105 877 2177 corpora,
921 2080 1135 2159 “cicatrices

150 2207 178 2242 “
195 2226 240 2273 ex
276 2199 493 2290 vulneribus,
520 2202 710 2273 verberum
738 2202 861 2273 notas’'
889 2206 1134 2298 exprobrant3
1164 2215 1166 2220 ’

151 2347 236 2394 mox
253 2321 440 2396 indiscretis
452 2320 615 2410 vocibus,
642 2328 669 2363 “
686 2320 796 2417 pretia
807 2322 1044 2413 vacationum,
1073 2354 1135 2399 an·

152 2448 180 2483 “
198 2440 326 2538 gustias
347 2441 523 2538 stipendii,
546 2440 711 2514 duritiam
724 2445 912 2539 operum,”
934 2469 975 2517 ac
988 2447 1136 2544 propriis

152 2560 351 2635 nominibus
384 2560 551 2651 incusant,
596 2567 623 2602 “
643 2562 789 2650 vallum,
839 2560 954 2655 fossas,
998 2570 1133 2664 pabuli,

154 2678 362 2773 “materiae,
400 2682 580 2782 lignorum
615 2683 817 2781 adgestus,''
857 2691 891 2759 &
932 2690 1049 2783 siqua
1070 2689 1137 2761 alia

150 2826 195 2873 ex
213 2805 419 2894 necessitate,
446 2824 507 2878 aut
520 2804 687 2878 adversus
704 2804 815 2877 otium
832 2806 1022 2878 castrorum
1036 2833 1135 2905 quae-

148 2941 279 2994 rnntur.
331 2924 572 2998 Atrocisfimus
600 2947 843 2998 veteranorum
878 2926 1012 2999 clamor
1046 2929 1134 3002 orie·

151 3041 270 3128 batur,
283 3041 344 3136 qui
358 3041 500 3129 tricena,
514 3063 573 3115 aut
586 3042 699 3141 suprlt,
718 3044 888 3141 stipendia
899 3070 1134 3140 numerantes,

152 3168 179 3203 “
195 3161 395 3234 mederetur
408 3157 509 3250 feffiS,
534 3187 602 3235 neu
620 3186 776 3238 mortem
800 3164 837 3238 in
858 3165 979 3240 iisdem
1009 3168 1135 3242 labori-

149 3288 178 3323 “
197 3284 276 3370 bus,
315 3279 371 3354 sed
406 3284 514 3355 finem
554 3304 626 3357 tam
651 3285 813 3359 exercitae
841 3287 988 3375 militiae,
1021 3313 1135 3386 neque

151 3401 342 3499 “inopem
365 3402 562 3501 requiem,''
584 3407 740 3480 orabant.
792 3408 904 3479 Fuere
939 3408 1043 3482 etiam
1074 3412 1135 3510 qui
1235 3449 1239 3464 κ

143 3524 310 3621 'legatam‘
340 3550 361 3596 a
385 3524 471 3598 divo
501 3525 664 3623 Augusto
690 3526 875 3622 pecuniam
904 3528 1133 3626 reposcerent,

148 3640 264 3717 faustis
277 3644 314 3717 in
331 3645 583 3719 Germanicum
599 3644 802 3719 ominibus:
828 3653 876 3737 u,
901 3652 922 3723 sr
942 3653 1046 3726 vellet
1068 3653 1133 3725 im·
1162 3647 1166 3655 ⁴

148 3764 298 3863 perium,
323 3788 510 3865 promptos
531 3765 759 3844 ostentavdre.
809 3769 906 3843 Turn
929 3773 1013 3847 vero
1042 3776 1136 3870 quasr
