2834 4732
254 359 301 449 84
420 354 1040 432 =C.coinns11Tac111

253 554 335 626 pore
351 525 542 600 adfuturus.
586 530 720 601 Interea
737 510 1008 625 pulcherrimum
1025 532 1227 627 augurium,

252 649 330 719 octo
347 645 476 743 aquilae
502 668 617 744 petere
647 650 758 738 silvas,
795 653 828 721 ὅτ
845 649 971 722 intrare
987 646 1080 738 visae,
1114 651 1226 750 irnpe-

250 786 395 839 ratorem
422 767 616 840 advertere:
648 771 835 861 exclamat,
870 775 898 810 “
913 771 1017 858 Irent,
1047 768 1226 865 sequeren-

251 894 347 959 “tur
364 891 542 960 Romanas
558 914 653 978 aves,
681 888 821 986 propria
844 888 1024 987 legionum
1046 890 1226 962 numina.’'

249 1005 359 1079 Simul
377 1007 541 1103 pedestris
557 1009 646 1081 acies
662 1008 822 1095 infertur3
847 1014 880 1082 δι
899 1009 1087 1107 praemiffus
1104 1035 1225 1106 eques,

248 1110 441 1222 postremos
470 1155 510 1200 ac
534 1130 645 1215 ,latera
670 1129 821 1225 impulit.
881 1131 1089 1228 Mirumque
1114 1129 1226 1220 dictu,

248 1248 319 1319 duo
352 1248 503 1321 hostium
537 1249 677 1347 agmina
709 1250 844 1323 diversa
876 1249 973 1348 fuga,
1013 1249 1075 1348 qui
1108 1252 1228 1323 silvam

248 1386 444 1458 tenuerant,
479 1368 671 1466 inaperta,
704 1370 766 1468 qui
789 1368 921 1467 campis
947 1369 1158 1459 adstiterant‚
1191 1370 1228 1442 in

250 1489 373 1560 silvam
398 1492 563 1562 ruebant:
592 1488 699 1563 medii
724 1489 812 1562 inter
837 1492 900 1562 hos
924 1488 1101 1579 Cherusci,
1131 1490 1228 1563 colli·

250 1611 631 1683 busdetrudebantur:
668 1609 758 1683 inter
775 1635 863 1707 quos
886 1609 1025 1706 insignis
1051 1609 1228 1683 Anninius

250 1753 372 1818 manu,
399 1755 499 1820 voce,
534 1731 690 1819 vulnere,
726 1727 933 1802 sustentabat
958 1756 1139 1827 pugnam:
1171 1729 1223 1802 in-

248 1849 485 1944 cubueratque
512 1846 702 1945 sagittariis,
737 1849 795 1923 illa
830 1850 1020 1945 rupturus,
1042 1850 1077 1923 ni
1107 1855 1227 1925 Raeto-
1335 1855 1345 1868 '

245 1991 324 2037 rum
348 1966 694 2060 Vindelicorumque,
727 1971 760 2036 δι
786 1966 930 2037 Gallicae
952 1971 1109 2041 cohortes
1134 1975 1229 2067 signa

247 2083 469 2182 objecissent:
505 2082 579 2155 nisu
596 2104 714 2155 tamen
732 2084 899 2180 corporis,
929 2088 963 2154 δι
989 2085 1122 2180 impetu
1144 2089 1228 2184 equi

247 2209 404 2303 pervasit,
434 2203 563 2278 oblitus
589 2202 714 2277 faciem
742 2201 802 2275 suo
831 2228 963 2291 cmore,
999 2228 1042 2299 ne
1070 2204 1225 2279 noscere-

248 2348 324 2399 tur:
359 2325 504 2424 quidam
537 2319 737 2421 “'agnitum
764 2351 784 2395 a
809 2322 959 2395 Chaucis
987 2322 1227 2400 inter‘auxilia

249 2452 465 2522 “Romana
487 2445 683 2544 agentibus,
711 2442 966 2540 emillumque'’
998 2444 1226 2520 tradiderunt.

248 2569 377 2668 Virtus,
412 2567 469 2641 seu
503 2566 764 2654 fraus‘eadem,
799 2563 1022 2661 Inguiomero
1056 2565 1226 2663 effugium

248 2689 368 2762 dedit:
396 2688 497 2762 ceteri
527 2689 644 2784 pafftm
666 2684 838 2758 trucidati.
891 2687 937 2755 Et
962 2684 1139 2782 plerosque
1160 2708 1226 2762 tra·

249 2835 330 2881 nare
347 2790 522 2906 Visurgim
549 2826 725 2896 conantes,
760 2803 882 2902 injecta
905 2806 972 2876 tela
995 2825 1054 2877 aut
1082 2807 1134 2878 vis
1161 2811 1227 2880 flu-

249 2929 366 3019 minis,
401 2928 575 3026 postremo
609 2928 719 2999 moles
750 2924 938 3013 ruentium,
973 2927 1005 2996 ἃ
1040 2924 1228 3002 incidentes

248 3049 348 3146 ripae,
375 3050 551 3144 operuere.
601 3046 757 3144 Qidam
790 3045 885 3142 turpi
918 3044 1002 3144 fugfi
1030 3046 1066 3118 in
1095 3047 1227 3120 summa

248 3172 411 3242 arborum
444 3167 518 3254 nisi,
550 3165 721 3262 ramisque
755 3165 787 3238 se
816 3169 1042 3257 occultantes,
1077 3167 1225 3239 admotis

249 3286 428 3385 sagittariis
455 3312 515 3383 per
545 3284 734 3357 ludibrium
769 3287 988 3384 figebantur:
1027 3287 1110 3359 alios
1146 3313 1226 3385 pro-

249 3427 336 3477 rutae
358 3398 496 3481 arbores
518 3403 696 3478 adflixere.
746 3405 884 3503 Magna
909 3432 949 3478 ea
976 3407 1133 3495 vicioria,
1164 3432 1223 3477 ne-

250 3549 319 3619 que
336 3547 478 3598 cruenta
494 3525 594 3599 nobis
612 3522 688 3596 fuit.

300 3644 432 3717 XVlll.
462 3650 632 3744 anrrn
654 3649 699 3721 ab
722 3649 806 3720 horal
827 3648 894 3720 diei
921 3649 965 3720 ad
987 3646 1122 3718 nortem
1148 3649 1223 3718 caesi

251 3765 377 3856 hostes,
410 3766 534 3839 decem
559 3766 668 3844 millia
691 3770 850 3866 passiium
871 3764 1096 3841 cadaveribus
1118 3785 1223 3863 atque
