2834 4732
413 318 952 397 AurtrrunL1r.11.
1081 324 1156 402 Ιἰη’

91 531 93 537 >
133 488 136 494 ⁵
168 496 215 579 lia
231 495 397 598 insignia:
423 497 521 596 quod
534 497 686 571 Camillo
701 495 750 570 ob
766 494 971 571 modestiam
988 496 1068 572 vitae
1087 499 1152 575 im-

167 620 262 718 pune
279 618 355 691 suit.

214 736 315 814 LIII.
340 741 522 826 Summus
536 725 647 812 annus
662 738 849 813 Tiberium
862 721 979 829 tertio,
1005 742 1152 818 Germa-

163 861 284 935 nicum
302 861 431 934 iterum
456 859 613 935 consules
633 860 774 933 habuit:
802 857 860 931 sed
885 884 967 932 eum
985 861 1153 937 honorem
1185 893 1188 899 ·

164 981 398 1057 Germanicus
416 981 493 1054 iniit
510 982 606 1080 apud
624 983 751 1055 urbem
770 980 913 1054 Achaiae
929 979 1151 1080 Nicopolim,

165 1102 238 1202 quo
253 1124 395 1177 venerat
410 1129 471 1201 per
486 1101 666 1200 Illyricam
688 1092 799 1191 oram,
824 1100 899 1173 viso
923 1099 1025 1176 sratre
1039 1107 1159 1181 Druso·

165 1223 202 1298 in
220 1225 396 1299 Dalmatia
413 1242 553 1323 agente,
580 1221 751 1296 Adriatici
767 1247 808 1294 ac
834 1247 920 1294 mox
937 1224 1026 1296 Ionii
1049 1228 1153 1302 ma'ris

79 1387 82 1397 =
167 1340 351 1418 adversam
377 1343 639 1443 navigationem
657 1344 847 1441 perpessus.
897 1343 1010 1441 Igitur
1022 1372 1153 1444 paucos

165 1464 239 1536 dies
252 1463 429 1562 insumpsit
442 1464 636 1538 reficiendae
649 1465 740 1536 claffi
755 1492 763 1535 :
791 1466 890 1537 srmul
906 1469 993 1539 finus
1007 1465 1153 1542 Actiaca

164 1585 312 1659 victoria
334 1585 484 1677 inclitos,
515 1585 711 1660 &sacratas
737 1587 782 1658 ab
808 1585 969 1684 Augusto
992 1588 1151 1660 manubi-
1226 1619 1236 1629 ⁸

166 1733 218 1798 as,
248 1707 424 1805 castraque
444 1705 592 1781 Antonii
615 1733 699 1781 cum
720 1706 958 1801 recordatione
981 1705 1152 1806 majomm

163 1826 308 1902 suorum
324 1828 427 1903 adiit:
458 1852 612 1926 namque
629 1828 673 1918 ei,
700 1847 739 1901 ut
756 1827 966 1918 memoravi,
994 1827 1150 1903 avuncu-

165 1935 220 2021 lus
251 1949 446 2048 Augustus,
477 1975 562 2023 avus
597 1948 774 2024 Antonius
804 1969 916 2040 erant,
951 1975 1151 2048 magnaque

163 2068 235 2143 illic
257 2069 378 2168 imago
402 2070 553 2144 tristium
578 2072 826 2170 laetorumque.
877 2069 978 2145 Hinc
1003 2093 1152 2148 ventum

162 2192 332 2281 Athenas,
352 2189 548 2291 foederique
565 2191 712 2267 sociae&
736 2193 881 2268 vetustae
897 2193 992 2267 urbis
1013 2195 1149 2286 datum,

160 2334 200 2387 ut
218 2340 289 2387 uno
312 2311 435 2387 lictore
457 2334 620 2388 uteretur.
673 2316 859 2412 Excepere
881 2313 998 2387 Graeci
1025 2319 1145 2411 quaesr-

160 2433 295 2507 tiffimis
318 2435 528 2525 honoribus,
551 2458 670 2509 vetera
691 2435 831 2510 suorum
863 2434 953 2509 fasta
984 2433 1149 2534 dictaque
1201 2535 1202 2539 Ἰ

162 2553 396 2651 praeserentes,
412 2554 484 2652 qud
496 2555 804 2657 plusdignationis
820 2557 976 2632 adulatio
992 2557 1149 2632 haberet.

211 2675 310 2746 LIV.
341 2676 503 2750 ΡΕτῙτΑ
521 2675 603 2751 inde
627 2681 778 2770 Euboea,
805 2681 949 2754 tramisit
973 2682 1146 2770 Lesbum,

162 2793 224 2867 ubi
242 2795 443 2895 Agrippina
456 2798 639 2873 novissrmo
656 2821 756 2898 partu
772 2801 904 2898 Juliam
920 2798 1049 2874 edidit:
1072 2820 1150 2874 tum

162 2936 319 3008 extrema
333 2922 438 3011 Asiae,
466 2920 745 3019 Perinthumque
758 2947 798 2995 ac
811 2918 1021 3016 Byzantium
1033 2920 1147 2996 Thra·

163 3036 232 3110 cias
250 3038 369 3129 urbes,
396 3065 483 3112 mox
500 3039 724 3137 Propontidis'
740 3040 929 3141 angustias,
956 3046 989 3114 δι
1002 3068 1041 3116 os
1053 3045 1147 3116 Pon·

160 3158 275 3232 ticum
286 3157 404 3248 intrat,
430 3158 598 3256 cupidine
619 3183 751 3236 veteres
769 3164 879 3253 locos,
907 3162 1045 3236 &sams
1057 3165 1148 3237 cele·
1246 3177 1249 3183 '

163 3283 280 3355 bratos
315 3280 502 3387 noscendi:
544 3283 740 3383 pariterque
774 3284 972 3382 provincias
1005 3285 1148 3362 internis

162 3401 420 3494 certaminibus,
444 3424 503 3477 aut
530 3405 799 3504 magistratuum
829 3405 959 3505 injuriis
980 3404 1075 3481 fessas
1095 3435 1147 3483 re·
1236 3417 1241 3428 ’

161 3521 326 3599 fovebat:
359 3543 464 3621 atque
486 3525 586 3598 illum
612 3527 648 3599 in
676 3530 825 3626 regressu
841 3528 932 3601 sacra
948 3530 1167 3621 Samothra,

159 3670 243 3718 cum
276 3643 383 3718 visere
415 3645 598 3735 nitentem,
639 3648 737 3722 obvii
764 3648 943 3747 aquilones
971 3651 1147 3750 depule're.

159 3765 271 3865 Igitur
288 3767 367 3860 Ilio,
393 3777 546 3867 quaeque
561 3766 610 3843 ibi
627 3769 788 3846 varietate
813 3769 975 3864 fortunae,
1008 3776 1042 3846 &
1068 3772 1145 3846 nos·
