2834 4732
266 325 311 420 98
469 320 821 395 ecorum
861 318 1074 403 Tacm

168 506 171 508 ’
265 493 443 568 Hortenfii
467 492 556 566 inter
589 513 741 570 oratores
770 497 870 567 fitam
894 492 1104 592 imaginem,
1140 496 1249 570 modi>

265 615 414 713 Augusti
443 614 594 707 intuens,
629 616 675 688 ad
691 617 787 719 hunc
800 617 950 689 modurn
968 617 1101 715 coepit':
1135 625 1163 660 “
1181 621 1247 694 Pa-

197 753 198 757 ’
265 744 292 778 “
310 757 375 809 tres
398 734 597 835 conscripti,
626 740 689 813 hos
707 765 857 836 quorum
873 764 1061 813 numerum
1079 743 1113 812 δε
1131 740 1247 837 pueri-

264 863 290 899 “
309 858 394 931 tiam
420 858 561 951 videtis,
591 886 663 934 non
680 858 802 958 sponte
818 860 947 955 sustuli,
977 859 1035 935 sed
1048 860 1131 960 quia
1147 863 1268 938 Prin··

264 986 293 1022 “
311 984 598 1079 cepsmonebat:
626 984 726 1055 simul
756 980 901 1080 majores
935 982 1005 1057 mei
1035 1006 1246 1077 meruerant,

264 1108 350 1176 “ut
374 1103 529 1201 posteros
552 1106 742 1179 haberent:
771 1132 855 1179 nam
885 1130 966 1204 ego,
992 1107 1053 1204 qui
1088 1133 1161 1179 non
1184 1133 1245 1207 pe-

263 1230 293 1265 “
312 1225 468 1319 cuniam,
487 1253 560 1301 non
582 1226 694 1301 studia
707 1227 843 1325 populi,
866 1253 981 1326 neque
994 1229 1246 1327 eloquentiam,

262 1347 441 1446 “gentile
470 1350 598 1427 donus
626 1348 747 1423 nostrae
776 1352 926 1440 bonum,
958 1349 1124 1423 varietate
1158 1372 1246 1425 tem-

263 1477 291 1513 “
310 1497 438 1569 porum
456 1472 612 1571 accipere
637 1475 694 1546 vel
724 1498 845 1570 parare
864 1472 1066 1570 potuissem,
1091 1469 1170 1546 satis
1187 1474 1248 1545 ha-

263 1599 291 1634 “
310 1595 455 1686 bebam,
476 1598 499 1667 fi
516 1616 637 1683 tenues
652 1620 705 1668 res
723 1621 811 1669 meae
828 1621 893 1669 nec
911 1593 999 1667 mihi
1018 1592 1160 1691 pudori,
1183 1618 1248 1665 nec

263 1720 293 1756 “
313 1716 478 1813 cuiquam
503 1715 599 1787 oneri
632 1714 770 1788 sorenta·
797 1714 909 1813 jussus
947 1716 992 1788 ab
1024 1713 1247 1810 imperatore,

262 1840 289 1876 “
309 1861 458 1908 uxorem
475 1836 574 1909 duxi.
627 1839 684 1908 En
707 1836 807 1933 stirps
832 1842 866 1911 δι
893 1836 1078 1934 progenies
1095 1854 1146 1908 tot
1163 1861 1248 1909 con-

219 1951 222 1964 *
261 1961 290 1997 “
306 1951 435 2042 sulum,
464 1973 516 2024 tot
544 1954 780 2026 distatorum:
809 1982 875 2028 nec
902 1958 948 2028 ad
975 1955 1147 2028 invidiam
1173 1955 1247 2047 ista,
1325 1968 1336 1981 “

259 2081 288 2116 “
306 2072 365 2146 sed
388 2072 616 2145 conciliandae
634 2071 876 2145 misericordia
892 2072 1027 2145 refero:
1053 2073 1247 2168 adsequen-

260 2200 288 2237 “
305 2215 393 2297 ture
404 2197 551 2267 florente
568 2213 616 2283 te,
644 2189 770 2283 Caesar,
800 2217 889 2290 quos
915 2174 1052 2263 dederis
1074 2193 1225 2266 honores
1233 2223 1246 2281 ς

188 2362 190 2366 2
260 2315 443 2389 “interim
466 2318 524 2414 Q
538 2314 719 2389 Hortenfii
743 2332 965 2412 pronepotes,
994 2310 1068 2384 divi
1094 2314 1247 2412 Augusti

261 2445 289 2481 “
307 2441 484 2527 alumnos,
505 2439 550 2511 ab
567 2429 684 2534 inopia
699 2433 886 2510 desende.'’

309 2561 520 2636 XXXVIII.
538 2562 787 2634 luceruarro
816 2555 951 2632 senattls
980 2557 1246 2634 incitamentum

259 2682 408 2757 Tiberio
439 2680 521 2772 fuit,
558 2680 631 2779 qud
665 2678 864 2779 promptius
902 2679 1152 2773 adversaretur,
1191 2681 1248 2755 his

260 2804 369 2877 ferme
394 2803 509 2878 verbis
533 2801 610 2877 usus
625 2803 645 2877 ε’
667 2802 742 2877 “Si
765 2822 939 2901 quantum
963 2828 1158 2900 pauperum
1183 2802 1255 2896 est,

262 2934 289 2968 “
310 2926 430 2999 venire
443 2927 528 3016 huc,
549 2924 710 3000 &liberis
731 2922 797 2998 suis
815 2945 934 3022 petere
950 2923 1115 3022 pecunias
1128 2950 1248 3022 coepe-

258 3037 289 3089 “‘
305 3046 404 3135 rint3
430 3047 556 3145 singuli
585 3073 782 3146 numquam
805 3044 1080 3140 exsatiabuntur,
1104 3043 1248 3142 respub·
1284 3030 1289 3040 ¹

260 3177 289 3212 ‘³
308 3169 374 3248 lica
398 3169 549 3242 deficiet.
599 3170 678 3241 Nec
713 3165 792 3240 sane
816 3166 896 3239 ideo
914 3194 934 3240 a
952 3164 1143 3265 majoribus
1162 3191 1246 3238 con-

259 3297 288 3333 “
306 3292 436 3364 celsum
454 3290 503 3362 est
516 3288 636 3387 egredi
649 3289 839 3386 aliquando
847 3287 1072 3391 relationem,
1096 3292 1130 3361 δι
1149 3285 1248 3384 quod

202 3390 204 3401 .
261 3416 288 3450 «ι
308 3410 343 3480 in
364 3436 557 3517 commune
573 3396 745 3483 conducat
765 3410 854 3482 loco
881 3407 1060 3482 sententia
1078 3407 1243 3505 proferre,

261 3533 288 3570 “
308 3551 348 3600 ut
378 3532 511 3626 privata
537 3531 694 3630 negotia,
729 3555 781 3603 res
810 3528 995 3604 familiares
1023 3528 1150 3602 nostras
1185 3525 1245 3597 hle
1312 3545 1315 3549 ’

262 3657 289 3693 “
307 3654 513 3748 augeamus,
543 3680 626 3727 eum
655 3651 788 3727 invidia
812 3650 947 3726 senatus
972 3656 1006 3724 ὃ(
1028 3645 1244 3747 principum,

262 3780 289 3816 ‘⁶
308 3773 378 3846 live
411 3769 617 3847 indulserint
656 3773 894 3875 largitionem,
940 3775 1008 3844 five
1046 3765 1244 3842 abnuerint.
