2776 4724
263 341 307 437 38
472 338 512 411 C.
546 321 822 412 Constanti
858 297 1066 412 Tiieirr

198 523 205 527 ”
264 517 341 586 “&
374 509 543 584 claritudo
577 515 630 602 sit,
664 510 857 587 subvenisse
887 515 1056 588 'Romano
1090 513 1240 604 nomini,

264 633 532 728 “compressisse
564 633 761 709 Germaniae
798 615 958 732 oopulos.
1023 633 1118 722 Tua,
1159 634 1243 708 dive

263 761 291 799 “
306 752 478 851 Auguste,
510 756 596 828 caelo
613 776 752 852 recepta
768 780 880 841 mens;
910 776 983 844 tua,
1003 774 1100 852 pater
1115 752 1239 844 Druse,

240 882 290 921 =“
304 875 438 974 imago,
472 875 523 948 tui
545 853 726 967 memoria,
762 874 883 950 iisdem
912 875 981 976 istis
1010 901 1092 949 cuni
1119 873 1241 947 militi·
1303 919 1308 929 ψ

261 1003 289 1040 “
303 998 383 1086 bus,
397 980 488 1094 quos
495 995 570 1094 jam
590 998 748 1094 pudor&
768 997 876 1095 gloria
887 996 1003 1086 intrat,
1022 998 1140 1069 eluant
1150 995 1240 1069 lianc

261 1124 291 1161 “
304 1119 492 1206 maculam,
510 1115 642 1216 irasque
655 1116 773 1191 civiles
785 1118 821 1192 in
832 1116 981 1192 exitium
997 1115 1151 1191 hostibus
1162 1120 1239 1188 rer·

260 1245 289 1313 ‘f
303 1258 404 1331 tant„
434 1241 507 1311 Vos
530 1264 686 1337 quoque,
711 1264 860 1337 quorum
877 1237 944 1312 alia
959 1263 1053 1311 nunc
1070 1262 1145 1328 ora,
1175 1237 1242 1309 alia

261 1366 290 1401 “
307 1348 445 1456 pestora
461 1380 642 1450 contueor,
677 1363 701 1432 fi
719 1362 851 1458 legatos
867 1357 1011 1448 senatui,
1038 1355 1244 1455 obsequium
1329 1389 1334 1413 ·

230 1579 235 1584 .
261 1486 290 1521 “
305 1479 520 1577 imperatori,
533 1484 571 1554 vsi
588 1479 675 1554 mihi
693 1478 882 1578 conjugem
899 1505 940 1553 ac
954 1477 1068 1552 filium
1084 1476 1243 1569 redditis,

262 1598 471 1681 “discedite
496 1629 517 1676 a
543 1604 719 1691 contestu,
749 1628 790 1674 ac
818 1599 969 1674 dividite
998 1597 1177 1673 turbidos:
1205 1598 1243 1671 id
1332 1680 1334 1685 ,

261 1720 423 1794 “stabile
437 1724 482 1796 ad
500 1721 753 1820 paenitentiani,
789 1721 827 1795 id
843 1721 926 1795 fidei
943 1719 1126 1794 vinculum
1142 1720 1243 1808 erit.''

308 1841 443 1915 XLIV.
468 1843 683 1918 Surriicas
701 1845 750 1917 ad
764 1845 854 1933 hac,
888 1842 926 1914 &
943 1867 1025 1915 vera
1053 1844 1241 1939 exprobra-

258 1960 461 2054 risatentes,
491 1967 649 2056 orabant,
685 1964 864 2063 “puniret
882 1962 1022 2052 noxios,
1049 1962 1242 2059 ignosceret

162 2066 163 2069 Ἴ
259 2088 287 2126 “
303 2085 415 2180 lapsis,
451 2088 485 2157 a
502 2086 644 2160 duceret
672 2087 708 2160 in
722 2086 888 2169 hostem:
923 2101 1139 2156 revocaretur
1153 2107 1239 2154 con·
1308 2074 1309 2077 ¹

259 2201 399 2301 “junir,
433 2205 559 2278 rediret
598 2207 779 2305 legionum
807 2207 981 2293 alumnus,
1022 2225 1110 2273 neve
1143 2199 1242 2275 obses

179 2340 195 2407 ζ
261 2326 413 2420 “Gallis
433 2308 658 2401 traderetur.”
709 2325 880 2401 Reditum
904 2320 1110 2420 Agrippina:
1130 2344 1240 2395 excu-

261 2445 346 2520 savit
364 2449 411 2520 ob
429 2446 672 2522 imminentem
687 2433 838 2546 parturn,
863 2445 900 2516 δι
917 2444 1089 2517 hiemem:
1110 2449 1138 2485 “
1152 2466 1239 2516 ven·

261 2575 289 2612 “
302 2588 419 2641 turum
436 2568 572 2642 filium:
600 2569 788 2665 cetera‘ipsi
807 2564 1109 2664 exsequerentur”.
1161 2562 1241 2638 Dis-

260 2668 555 2779 cunuiitmutati,
583 2688 920 2763 &seditiosissimum
938 2711 1116 2786 quemque
1140 2685 1241 2760 vinc:

257 2829 312 2882 tos
329 2813 469 2885 trahunt
486 2813 530 2884 ad
547 2813 701 2911 legatum
719 2809 867 2908 legionis
885 2809 1019 2907 primae,
1053 2809 1095 2882 C.
1118 2806 1242 2881 Cetro-

258 2929 372 3020 nium,
400 2931 461 3030 qui
472 2931 646 3029 judicium
664 2936 697 3004 &
716 2916 844 3028 'poenas
868 2932 913 3004 de
936 2928 1077 3029 singulis
1093 2928 1130 3002 in
1147 2931 1244 3003 hunc
1297 2992 1299 2995 .

258 3052 407 3124 modum
424 3053 591 3125 exercuit.
641 3054 784 3137 Stabant
802 3079 865 3150 pro
881 3050 1052 3126 concione
1069 3050 1240 3150 legiones,

258 3170 424 3244 destrictis
446 3171 593 3269 gladiis:
625 3198 701 3246 reus
729 3175 766 3247 in
791 3173 955 3272 suggestu
979 3199 1040 3270 per
1060 3170 1240 3245 tribunum

257 3288 525 3364 ostendebatur:
570 3295 593 3365 si
637 3300 664 3335 “
695 3296 906 3371 nocentem''
948 3295 1240 3381 adclamaverant,

258 3424 412 3503 praeceps
433 3412 534 3485 datus
561 3413 806 3488 trucidabatur.
860 3418 907 3487 Et
934 3415 1110 3513 gaudebat
1136 3409 1261 3488 cadi-'³

258 3525 323 3595 bus
340 3525 454 3617 miles,
484 3554 665 3632 tamquam
682 3533 787 3607 semet
804 3533 1015 3607 absolveret:
1047 3559 1112 3617 nec
1129 3528 1239 3604 Caesar

254 3645 407 3735 arcebat,
439 3654 580 3743 quando
597 3655 696 3726 nullo
717 3654 821 3751 ipsius
835 3653 943 3752 jussu,
967 3678 1074 3752 ,penes
1098 3648 1239 3753 eosdem

166 3840 168 3842 ,
253 3760 386 3838 saevitia
417 3764 497 3841 fasti
522 3776 555 3844 δι
584 3771 717 3846 invidia
745 3795 827 3856 erat
885 3775 1000 3857 secuti
1033 3771 1239 3870 exemplum
1297 3780 1320 3815 ,·
