2834 4732
272 326 339 399 106
477 312 1075 395 C.Conunn11Tnc1'r1

315 484 451 574 XLVI.=
472 500 620 586 Naoura
639 467 888 571 Maroboduus
897 493 1063 596 jactantis
1093 495 1158 591 sui,
1191 519 1253 580 aut

266 620 402 720 probris
413 618 448 693 in
462 619 599 692 hostem
614 618 830 693 abstinebat:
845 617 903 691 sed
914 618 1181 717 Inguiomerum
1200 643 1252 698 te-

224 831 230 842 .
264 768 363 833 nens,
395 748 426 806 “a
440 743 505 816 Illo
523 740 559 815 in
576 766 722 839 corpore
739 742 846 815 decus
860 766 965 815 omne
978 738 1248 837 Cheruscorum,

265 870 293 908 “
311 863 403 939 illius
419 864 566 938 consiliis
596 864 702 963 gesta,
733 890 810 962 quae
844 862 1004 961 prospere
1020 863 1249 957 ceciderint,”

265 986 477 1066 testabatur:
531 987 768 1059 “vecordem
800 985 1019 1075 Arminium,
1068 990 1102 1059 δι
1136 968 1250 1066 retum

267 1116 295 1152 “
314 1107 481 1199 nescium,
514 1107 662 1182 alienam
692 1108 837 1206 gloriam
860 1106 898 1179 in
923 1105 956 1180 se
983 1108 1133 1198 trahere,
1159 1135 1248 1206 quo·
1351 1162 1363 1181 ,

267 1236 294 1272 “
313 1229 408 1305 niam
437 1249 506 1304 tres
537 1256 665 1304 vacuas
699 1229 854 1328 legiones
891 1232 924 1300 δι
954 1231 1084 1302 ducem
1121 1227 1251 1307 fraudis

186 1356 189 1363 '
268 1350 476 1448 “ignarum
505 1352 650 1452 perfidis
676 1351 866 1450 deceperit,
896 1355 1025 1450 magula
1046 1376 1130 1423 curn
1154 1351 1254 1427 clade

267 1478 295 1514 “
314 1474 528 1565 Germaniae,
567 1479 600 1546 &
630 1473 825 1572 ignominia
861 1470 932 1563 suh,
968 1474 1051 1546 cum
1081 1470 1251 1571 conjunx,

267 1600 296 1636 “
315 1596 398 1669 cum
423 1596 516 1670 filius
538 1595 623 1695 ejus,
652 1594 830 1668 servitium
854 1596 969 1669 adhuc
992 1596 1153 1667 tolerent.
1204 1599 1254 1669 At

269 1723 297 1758 “
315 1713 349 1788 se
373 1716 563 1790 duodecim
588 1714 786 1813 legionibus
809 1717 959 1813 petitum
981 1718 1072 1788 duce
1092 1714 1252 1807 Tiberio,

269 1842 295 1877 “
314 1833 483 1910 illibatam
497 1839 756 1908 Germanorum
776 1835 924 1933 gloriam
942 1835 1140 1910 servavisse:
1168 1864 1255 1915 mox

267 1954 575 2027 “conditionibus
609 1955 719 2049 aequis
748 1953 952 2026 discessum:
995 1982 1111 2051 neque
1144 1959 1255 2054 paeni-

268 2079 385 2143 “tere
413 2071 510 2168 qubd
535 2063 688 2167 ipsorum
714 2071 749 2142 in
772 2097 879 2143 manu
906 2076 957 2160 fit,
980 2070 1163 2168 integrum
1188 2079 1253 2148 ad-

235 2198 295 2250 -“
315 2191 454 2264 versus
474 2194 656 2266 Romanos
697 2193 847 2282 bellum,
894 2216 938 2263 an
980 2216 1105 2287 pacem
1135 2191 1254 2268 incru-

267 2320 295 2356 “
314 2332 432 2388 entam
454 2312 612 2387 malint.'’
663 2312 735 2387 His
753 2312 898 2389 vocibus
921 2308 1254 2392 instindos‘exerci·
1311 2343 1321 2422 ‚⁸

266 2456 336 2525 tus,
362 2435 513 2534 propriae
539 2462 682 2534 quoque
706 2433 814 2509 causae
838 2433 1087 2508 stimulabant:
1120 2420 1202 2511 clim
1233 2465 1255 2515 a

267 2556 449 2631 Cheruscis
480 2555 806 2658 Langobardisque,
843 2583 906 2654 pro
935 2555 1080 2654 antiquo
1113 2560 1254 2653 decore,

266 2699 329 2754 aut
345 2670 473 2754 recenti
491 2680 666 2767 libertate3
694 2685 727 2755 &
747 2680 881 2770 contri,
907 2682 1078 2778 augendae
1096 2681 1256 2757 domina·

225 2883 229 2888 ,
267 2794 355 2877 tioni
378 2824 576 2877 certaretur.
626 2805 713 2875 Non
734 2801 817 2876 ali‘as
840 2798 970 2900 majore
995 2803 1089 2875 mole
1107 2827 1256 2878 concur·

189 2981 196 2990 .
268 2919 359 3018 sutn,
385 2950 501 3023 neque
526 2923 694 3023 ambiguo
723 2922 834 3021 magis
859 2944 1002 3014 eveum,
1027 2922 1108 2996 susis
1132 2924 1258 2999 utrim—

220 3093 225 3098 ,
268 3072 339 3144 que
379 3046 511 3119 dextris
555 3045 731 3120 cornibus.
803 3047 1084 3143 sperabaturque
1123 3047 1257 3122 rursum

268 3193 416 3267 pugna,
452 3165 489 3240 ni
524 3168 773 3240 Maroboduus
824 3166 932 3240 castra
971 3166 1007 3239 in
1040 3167 1145 3240 colles
1177 3166 1257 3241 sub-

267 3289 431 3363 duxisset.
492 3288 535 3361 ld
560 3285 697 3385 signum
720 3289 865 3384 perculsi
889 3286 979 3360 fuit:
1015 3287 1258 3389 &transfugis

267 3406 451 3505 paullatim
487 3390 653 3498 nudatus,
695 3407 733 3480 in
765 3409 1040 3482 Marcomannos
1079 3412 1253 3498 concessit,

268 3527 428 3627 misitque
455 3531 589 3629 legatos
622 3531 667 3603 ad
700 3529 886 3604 Tiberium
926 3551 1084 3603 oraturos
1117 3528 1255 3603 auxilia.

151 3638 156 3648 ¹
269 3648 489 3747 Responsum
516 3650 580 3742 est,
607 3660 634 3695 “
653 3678 725 3725 non
743 3650 822 3751 jure
853 3680 935 3727 eum
967 3651 1131 3725 adversus
1163 3649 1255 3722 Che-

270 3779 297 3818 “
314 3768 429 3846 ruscos
453 3796 549 3848 arma
575 3776 738 3849 Romana
762 3774 938 3863 invocare,
975 3771 1035 3872 qui
1062 3790 1258 3874 pugnantes
