2760 4718
279 332 350 408 250
497 301 1081 378 C.Conur·:r11Tacrrr

275 482 372 580 apud
397 478 550 554 senatum
566 481 624 553 ab
652 477 865 569 inlustribus,
900 476 1063 577 famlque
1078 477 1179 575 apud
1199 504 1273 577 po·

277 605 415 701 pulum,
432 599 514 698 quia
531 602 599 672 srne
616 599 820 688 ambitione,
839 619 898 672 aut
915 598 1157 697 proximorum
1179 627 1270 699 pre-

276 704 389 812 cibus,
420 721 558 819 ignotos
576 719 695 809 etiam,
715 724 749 793 δι
770 723 860 793 ultro
877 720 1018 811 accitos,
1043 720 1270 798 munificen-

274 844 322 923 tia
330 842 481 940 juverat.
494 839 885 930 Adduntursententiae,
904 860 943 914 ut
955 866 1057 914 mons
1069 841 1203 916 Caelius
1223 843 1269 923 in

276 963 452 1063 posterum
480 963 636 1061 Augustus
661 962 916 1059 appellaretur:
948 963 1090 1059 quando
1118 965 1271 1040 cuneus

275 1084 410 1158 circum
439 1081 692 1180 flagrantibus,
709 1080 780 1155 sola
804 1081 940 1155 Tiberii
973 1083 1104 1180 effigies
1133 1087 1198 1157 srta
1224 1085 1267 1159 in

273 1204 385 1276 domo
408 1202 504 1299 Junii
526 1200 687 1275 senatoris
706 1201 870 1274 inviolata
887 1205 1068 1279 manfilset.
1118 1210 1147 1247 “
1161 1208 1263 1280 Eve-

275 1329 304 1375 “
323 1324 406 1397 nisse
438 1323 475 1396 id
508 1322 593 1395 olim
609 1321 765 1395 Claudiae
784 1322 965 1419 Qinclae,
991 1322 1131 1427 ejusque
1146 1324 1260 1400 statu·

275 1453 301 1490 “
320 1472 378 1518 am
408 1444 481 1517 vim
510 1441 647 1540 ignium
664 1442 718 1514 bis
735 1442 899 1540 elapsam,
934 1439 1079 1542 majores
1095 1447 1197 1542 apud·
1209 1474 1258 1520 ae-

276 1574 304 1610 “
323 1568 406 1639 dem
432 1563 559 1639 Matris
587 1563 696 1634 deum
725 1561 995 1638 consecravisse:
1033 1565 1165 1643 sanctos
1197 1576 1259 1642 ac·

274 1696 302 1732 “
322 1685 508 1784 ceptosque
535 1683 737 1766 numinibus
770 1686 960 1758 Claudios:
992 1690 1025 1759 &
1054 1689 1258 1787 augendam

275 1817 303 1854 “
321 1805 557 1883 caerimoniam
575 1806 666 1895 loc0‚
697 1804 734 1877 in
757 1832 829 1903 quo
846 1827 983 1880 tantum
1000 1806 1257 1907 in-Principem
1317 1846 1319 1852 ⁸

239 1932 245 1939 ’
274 1930 494 2001 “honorem
518 1925 567 1998 dii
591 1925 841 2000 ostenderint.''

320 2049 438 2120 LXV.
476 2048 605 2121 Hnun
635 2045 739 2120 suerit
765 2046 952 2121 absurdum
980 2050 1128 2141 tradere,
1146 2074 1254 2123 mon·

273 2188 346 2241 tem
376 2192 459 2259 eurn
484 2165 676 2265 antiquitus
701 2168 984 2267 Qarquctulanam
1010 2191 1255 2264 cognomento
1370 2176 1371 2180 ’

201 2336 209 2341 ,
273 2288 385 2379 fuisse,
437 2287 535 2388 quod
568 2288 647 2361 talis
680 2289 770 2362 srlvae
798 2283 972 2383 frequens,
1009 2284 1253 2386 secundusque

272 2431 369 2486 erat:
391 2435 484 2493 ‚mox
504 2409 632 2482 Caelium
649 2408 888 2507 appellitatum
918 2434 938 2481 a
964 2407 1059 2491 Caele
1073 2407 1253 2502 Vibenni,

157 2518 163 2521 ”
250 2531 334 2632 rqui
349 2531 424 2606 dux
442 2530 554 2630 gentis
581 2529 750 2619 Etruscae,
776 2530 860 2603 curn
886 2528 1058 2611 auxilium
1085 2530 1130 2608 ad
1156 2531 1255 2613 bella

271 2653 490 2743 duetavilset,
520 2651 636 2726 sedem
674 2674 752 2723 eam
780 2671 961 2747 acceperat
996 2677 1017 2729 a
1056 2651 1254 2748 Tarquinio

270 2773 400 2864 Prisco,
422 2771 480 2847 seu
502 2771 587 2872 quis.
603 2770 689 2846 alius
708 2796 834 2869 regum
857 2770 976 2844 dedit:
1005 2796 1087 2843 narn
1105 2768 1253 2868 scripto-

270 2905 323 2970 r'es
352 2894 387 2970 in
404 2920 446 2968 eo
463 2893 664 2968 dissentiunt
678 2901 703 2965 :'
723 2913 835 2966 cetera
862 2918 938 2964 non
964 2890 1134 2989 ambigua
1157 2890 1253 2985 sunt,

164 3039 173 3047 ’
269 3041 415 3115 magnas
444 3041 500 3091 eas
525 3014 642 3112 copias
674 3038 736 3111 per
764 3013 874 3110 plana*
892 3012 995 3085 etiam
1018 3038 1058 3086 ac
1077 2996 1153 3086 soro
1169 3039 1252 3111 pro·

268 3138 402 3238 pinqua
417 3135 635 3226 habitavisse,
648 3133 744 3213 unde
762 3131 892 3227 Tuscum
906 3137 1011 3207 vicum
1034 3158 1054 3209 e
1071 3136 1250 3210 vocabulo

270 3260 485 3341 advenarum
511 3255 657 3336 dielum,

326 3380 462 3454 LXVI.
503 3380 578 3452 San
605 3397 644 3449 ut
672 3374 784 3453 studia
813 3399 1014 3472 procerum,
1051 3374 1250 3475 &largitio

268 3496 450 3596 principis,
486 3496 672 3572 adversum
705 3492 823 3569 casum
872 3494 1032 3569 solatium
1070 3497 1245 3580 tulerant3

173 3611 176 3620 ἱ
267 3619 315 3702 ita
339 3617 572 3692 accusatorum
598 3616 709 3716 major
734 3617 769 3690 in
794 3616 868 3689 dies
886 3620 920 3689 δε
938 3614 1091 3690 infestior
1107 3614 1158 3688 vis
1175 3616 1247 3699 fine

268 3741 468 3830 levamento
508 3740 742 3839 graffabatur;
798 3735 1077 3836 corripueratque
1110 3736 1247 3820 Varum
