2512 4680
126 351 198 425 232
320 327 360 400 C.
402 326 672 398 corruam
714 324 912 399 Tacina

125 505 316 601 “tuusque
359 503 397 575 in
423 491 483 578 me
513 501 656 578 animus
684 522 909 585 mereantur:
944 503 1104 603 datoque

125 634 153 670 “
169 646 337 719 tempore,
373 623 429 696 vel
457 624 494 696 in
508 620 659 714 senatu,
689 625 745 705 vel
767 622 803 696 in
829 619 1003 697 concione
1026 650 1099 699 non

123 752 151 789 “
165 743 354 817 reticebo.''

167 864 268 938 XLI.
294 866 463 937 Rursum
487 861 642 961 Sejanus,
667 889 741 937 non
756 858 833 960 jam
849 864 896 936 de
911 861 1094 937 matrimo-

118 983 190 1075 nio,
225 980 283 1056 sed
315 981 418 1087 altilis
450 964 625 1075 metuens,
663 982 817 1058 “tacita
844 980 1094 1080 suspicionum,

118 1102 262 1202 “vulgi
281 1118 477 1197 rumorem,
500 1104 723 1205 ingruentem
751 1101 945 1186 invidiam'’
971 1105 1097 1202 depre-
1145 1095 1149 1099 ⁴

115 1245 225 1299 catur.
275 1232 333 1299 Ae
350 1251 395 1300 ne
411 1227 570 1301 adsiduos
581 1225 619 1299 in
634 1228 784 1301 domum
801 1243 915 1298 coetus
931 1227 1097 1320 arcendo,
1168 1320 1170 1323 Ι

116 1327 321 1446 infringeret
338 1347 547 1445 potentiam,
573 1367 634 1422 aut
646 1348 869 1446 receptando,
895 1344 1097 1422 facultatem

117 1466 385 1543 criminantibus
412 1470 606 1567 praeberet3
632 1471 703 1543 huc
721 1468 832 1560 flexit,
857 1488 896 1541 ut
912 1467 1096 1543 Tiberium

19 1655 20 1659 ,
116 1588 289 1664 advitam
309 1591 431 1689 procul
455 1593 587 1682 Romi,
612 1590 762 1666 amoenis
779 1589 863 1665 locis
880 1591 1096 1688 degendam,

118 1709 325 1809 impelleret.
367 1713 487 1786 Multa
504 1713 637 1814 quippe
648 1712 871 1810 providebat:
897 1709 958 1784 sul
974 1711 1010 1785 in
1022 1724 1098 1784 ma&

117 1857 167 1906 nu
185 1832 321 1906 aditus:
348 1833 597 1932 literarumque
624 1836 753 1933 magns
776 1858 820 1906 ex
837 1850 933 1931 parte
954 1829 987 1905 se
1005 1830 1098 1905 arbi·

117 1971 211 2025 trum
237 1951 324 2041 sore,
359 1953 441 2026 clim
470 1979 533 2048 per
561 1953 689 2027 milites
716 1971 977 2027 commearent:
1011 1976 1102 2029 mox

115 2069 296 2160 Caesarem,
329 2089 494 2166 vergente
515 2068 592 2165 jam
618 2069 765 2160 senecta,
800 2070 1001 2168 secretoque
1026 2074 1100 2148 loci

117 2190 307 2281 mollitum,
332 2188 453 2263 munia
467 2188 605 2287 imperii
621 2188 755 2264 facilius
771 2188 1028 2262 tramissurum:
1058 2196 1098 2266 δε

54 2410 55 2415 ¹
118 2312 230 2389 minui
258 2308 531 2401 fibi'invidiam,
556 2311 720 2411 adempta
735 2307 944 2382 salutantum
966 2312 1068 2385 turbs
1079 2338 1094 2398 ς

3 2463 8 2469 ’·
117 2430 324 2531 sublatisque
349 2431 523 2522 inanibus,
549 2433 631 2505 vera
657 2429 811 2528 potentis
836 2420 973 2529 augere.
1021 2429 1096 2530 lgi-

117 2575 175 2630 tur
207 2554 388 2653 paullatim
421 2551 563 2652 negotia
593 2551 717 2642 Urbis,
759 2550 881 2651 populi
919 2544 1098 2643 ailcursus,

118 2675 383 2752 multitudinem
399 2671 628 2749 adfluentium
643 2672 814 2772 increpat,
839 2674 1012 2748 extollens
1025 2675 1099 2767 lau·

117 2800 222 2872 dibus
248 2804 276 2841 “
294 2797 451 2896 quietem
468 2801 501 2870 δι
518 2793 766 2901 solitudinem:
794 2795 872 2893 quis
897 2795 1012 2867 abesse
1035 2814 1098 2868 tae-

37 2914 39 2920 ’
99 2905 101 2909 ¹
120 2920 222 2992 “dia
240 2924 274 2992 ὅτ
292 2918 509 3010 offensiones,
534 2941 575 2991 ac
600 2914 777 3015 praecipua
802 2940 919 2990 rerum
941 2913 1097 2990 maxime

119 3047 149 3086 “
168 3039 327 3140 agitari.''
546 3095 548 3098 -
1165 3020 1175 3046 ⁸

167 3162 287 3235 XLII.
306 3166 365 3236 Ac
379 3185 513 3265 'ronna
531 3159 649 3236 habita
667 3184 726 3258 per
753 3160 832 3234 illos
847 3157 920 3232 dies
936 3158 983 3232 de
998 3155 1096 3231 Voti·
1218 3144 1221 3148 ’

117 3305 185 3354 eno
219 3283 411 3374 Montano,
453 3280 596 3357 celebris
630 3280 761 3380 ingenii
794 3280 882 3371 viro,
924 3276 1096 3378 cognitio,

90 3475 92 3495 „
117 3400 340 3477 cunctantem
360 3401 437 3502 jam
467 3401 650 3478 Tiberium
676 3401 840 3500 perpulit,
866 3419 908 3474 ut
934 3399 1094 3474 vitandos

115 3514 270 3592 crederet
295 3543 434 3618 patrum
450 3544 560 3599 coetus
575 3521 760 3620 vocesque,
789 3549 867 3622 quae
888 3523 1091 3620 plerumque

116 3657 208 3712 verae
219 3638 261 3706 ·&
279 3662 403 3732 graves
418 3670 538 3718 coram
553 3643 824 3744 ingerebantur:
852 3667 949 3731 nam,
974 3635 1091 3735 postu·

115 3761 187 3851 lato
206 3751 369 3850 VotienO,
398 3766 492 3837 “ob
515 3762 744 3840 contumelias
759 3762 797 3838 in
817 3760 988 3836 Caesarem
1016 3754 1092 3832 dic·
