2796 4724
293 335 360 409 190
505 310 1076 394 C.Coruer11Tncr‹rt

288 482 567 583 “promiscuum
590 487 635 565 ad
658 485 758 562 usum
782 487 919 586 argenti
939 488 1130 580 vertisset?
1154 493 1262 592 recipi

287 604 397 682 caesar
419 605 507 680 inter
529 631 606 682 reos
632 608 766 694 vetuit3
792 610 907 707 palam
930 607 1131 707 aspernante
1158 614 1265 690 Ateio

284 727 471 824 Capitone,
495 733 589 826 quasi
608 754 670 827 per
686 729 895 806 libertatem.
942 733 1071 807 “Non
1089 733 1184 810 enim
1201 738 1264 809 de·

228 845 231 859 ⁴
273 855 313 955 '¹‘
331 851 415 923 bere
433 849 519 948 eripi
551 850 704 948 patribus
735 851 809 926 vim
838 851 1023 943 statuendi,
1050 877 1163 952 neque
1184 876 1263 929 tan·

285 977 313 1015 “
330 991 409 1049 turn
437 971 652 1048 maleficium
679 970 822 1069 impune
839 973 1064 1053 habendum:
1088 973 1165 1050 sane
1187 977 1264 1050 len·

286 1099 315 1136 “
332 1111 388 1166 tue
412 1092 450 1168 in
473 1091 534 1168 suo
558 1094 682 1166 dolore
704 1095 812 1180 effer,
843 1094 1042 1192 reipublicae
1064 1093 1200 1192 injurias
1216 1121 1264 1190 ne

287 1216 316 1257 “
333 1212 554 1313 largiretur?
613 1210 790 1289 Intellexit
817 1216 894 1289 haec
916 1215 1091 1306 Tiberius,
1112 1237 1152 1290 ut
1165 1208 1264 1291 'erant

282 1331 410 1432 magis,
446 1333 554 1430 quint
575 1353 615 1408 ut
639 1334 868 1409 dicebantur:
909 1336 1123 1435 perstititque
1156 1338 1263 1412 inter-

283 1454 419 1529 cedere.
467 1454 594 1553 Capito
610 1454 803 1555 insignitior
820 1454 962 1530 infami&
979 1455 1058 1547 fuit,
1086 1456 1183 1556 qubd
1196 1461 1259 1536 hu·

282 1576 379 1652 mani
396 1574 576 1674 divinique
592 1573 680 1675 juris
701 1576 822 1669 sciens,
849 1577 1034 1677 egregium
1060 1579 1258 1677 publicum,

281 1697 319 1770 δι
335 1699 444 1773 bonas
466 1697 565 1775 domi
582 1718 671 1772 artes
686 1698 985 1774 dehonestaviffet.
1017 1769 1023 1781 ,

329 1820 469 1894 LXXI.
496 1822 674 1895 Incessrr
692 1819 775 1899 dein
791 1820 927 1920 religio,
946 1847 1102 1920 quonam
1119 1822 1157 1899 in
1172 1841 1262 1896 tenr-

282 1939 344 2037 plo
372 1940 562 2016 locandum
580 1938 669 2014 foret
686 1941 835 2032 donum,
863 1942 961 2042 quod
978 1968 1044 2040 pro
1062 1943 1263 2035 valetudine

283 2058 455 2158 Augustae
480 2060 611 2158 equites
629 2061 783 2137 Romani
804 2083 974 2136 voverant
993 2062 1156 2160 Equestri
1174 2065 1205 2136 F
1205 2088 1263 2135 or·

281 2201 376 2256 tunae
390 2208 409 2255 ε,
427 2206 510 2255 nam
528 2184 585 2255 etsi
613 2182 760 2257 delubra
776 2179 848 2280 ejus
861 2174 938 2256 deae
955 2181 1067 2255 multa
1082 2181 1120 2254 in
1144 2184 1261 2273 Urbe,

211 2326 213 2332 ·
280 2304 420 2379 nullum
436 2323 554 2378 tamen
571 2302 631 2378 cali
648 2323 883 2403 cognomento
898 2322 991 2377 erat:
1019 2319 1193 2399 repertum
1210 2301 1262 2378 est

282 2426 396 2503 aedem
417 2427 485 2500 effe
506 2426 602 2524 apud
618 2424 784 2515 Antium,
812 2448 891 2523 quae
921 2427 966 2500 sic
988 2442 1262 2520 nuncuparetur,
1289 2468 1294 2476 ·

282 2553 310 2590 “
328 2543 540 2646 cunclasque
551 2545 770 2623 carimonias
794 2544 922 2620 Italicis
939 2544 976 2619 in
991 2542 1144 2642 oppidis,
1171 2565 1262 2620 tern-

282 2677 309 2720 “
327 2673 471 2768 plaque,
498 2673 532 2742 δι
550 2668 739 2754 numinum
752 2666 898 2765 effigies,
919 2664 1007 2765 juris
1023 2685 1128 2764 atque
1149 2665 1264 2764 inipe-

214 2824 216 2828 ·
281 2795 310 2832 “
327 2790 368 2864 rii
385 2789 541 2865 Romani
555 2791 623 2863 effe
634 2790 671 2862 =''
696 2787 742 2862 ita
765 2789 900 2862 donum
915 2788 1011 2884 apud
1027 2784 1176 2861 Antium
1197 2783 1262 2862 sta·

278 2910 399 2987 ruitur.
451 2914 498 2985 Et
527 2912 671 3010 quando
698 2911 745 2983 de
778 2907 1008 3007 religionibus
1035 2908 1257 2997 traelabatun

237 3012 241 3024 ¹
277 3032 428 3106 dilatum
446 3058 559 3130 nuper
585 3029 785 3130 responsum
813 3029 979 3105 adversus
995 3028 1156 3107 Servium
1178 3028 1260 3105 Ma·
1352 3050 1356 3054 ·

278 3151 511 3253 luginensem,
537 3152 717 3227 flaminem
742 3152 897 3243 Dialem,
925 3153 1094 3268 prompsit
1121 3149 1255 3237 Caesar;

278 3274 505 3374 recitavitque
537 3275 721 3347 decretum
759 3271 994 3371 pontificum:
1038 3279 1065 3314 “
1085 3270 1259 3370 Qiotienr

217 3437 219 3441 ν
279 3401 309 3436 “
326 3398 492 3470 valetudo
503 3392 644 3469 adversa
660 3395 839 3469 flaminem
850 3393 991 3468 Dialem
1001 3393 1194 3484 inceffiffet,
1203 3411 1258 3481 ut,

280 3519 310 3556 “
329 3516 504 3610 pontificis
518 3515 667 3590 maximi
686 3515 842 3607 arbitrio,
871 3513 1053 3614 plusquam
1067 3511 1259 3590 binoctium

279 3639 308 3692 ·“
325 3635 452 3708 abesset
467 3652 485 3709 τ’
503 3638 592 3712 dum
614 3621 659 3712 ne
681 3636 807 3711 diebus
835 3636 968 3735 publici
996 3630 1162 3720 sacrificii,
1188 3654 1261 3707 neu

220 3834 222 3841 ,
280 3752 446 3852 “sapius
464 3757 574 3851 quam
598 3757 651 3833 bis
679 3759 847 3834 eumdem
870 3758 907 3835 in
931 3754 1100 3834 aunum?
1149 3754 1257 3851 Qut,
