2796 4724
275 342 348 392 220
499 314 540 387 C.
580 315 826 388 cornuin
857 303 1040 391 Tacrat

272 490 420 591 ginquos
452 488 553 563 saltus
593 494 626 562 sc
657 487 792 562 serocia
815 486 975 576 servitia;
1014 489 1111 583 ciam,
1150 498 1249 569 velut

168 657 174 673 κ
269 636 411 686 munere
427 610 550 700 desim,
576 629 642 682 tres
654 610 804 683 biremes
816 610 1035 708 adpulere'ad
1052 609 1129 685 usus
1146 640 1247 688 com-

268 729 462 806 meantium
491 729 552 803 illo
578 730 677 803 mari.
729 733 777 803 Et
802 749 872 804 erat
902 730 1022 804 iisdem
1045 714 1247 829 regionibus

183 863 189 867 “
230 840 234 844 ’
266 850 407 925 Curtius
423 852 562 948 Lupus,
592 849 755 948 quaestor,
782 851 839 925 cui
863 851 1045 948 provincia·
1057 873 1173 926 vetere
1199 879 1248 928 ex

267 997 368 1045 more
384 973 498 1045 Calles
521 982 695 1044 evenerat.
730 973 792 1061 ‘Is,¹
816 969 975 1068 disposita
1000 970 1246 1048 classiariorum

265 1091 380 1188 cupid,
423 1112 640 1188 coeptantem
673 1090 755 1164 clim
782 1090 936 1165 maxime
971 1089 1246 1191 conjurationem

267 1210 413 1310 disjecit.
455 1210 658 1310 ,Missusque
675 1239 697 1285 a
715 1208 845 1285 Caesare
871 1212 1014 1309 propere
1038 1213 1160 1314 Staius,
1185 1212 1247 1286 tri·

266 1335 395 1424 bunun,
422 1359 506 1407 cum
523 1333 637 1406 valida
653 1359 774 1424 manu,
801 1333 931 1406 ducem
948 1315 1075 1430 ipsum,
1092 1334 1126 1404 δι
1140 1357 1250 1429 prox-

268 1454 361 1528 imos
383 1452 537 1528 audaciae
555 1452 592 1527 in
609 1455 750 1528 Urbem
766 1453 885 1545 traxit,
904 1452 981 1551 jam
998 1451 1184 1550 trepidam,
1202 1455 1252 1526 ob
1318 1452 1324 1459 ’

269 1574 534 1650 multitudinem
557 1573 784 1667 familiarum,
813 1600 890 1673 quae
913 1572 1078 1673 gliscebat
1099 1572 1270 1661 immeo-b

269 1697 362 1785 sitm,
389 1695 523 1770 minore
543 1694 580 1768 in
603 1694 678 1769 dics
696 1697 799 1792 plebe
810 1694 974 1794 ingenui.

317 1818 494 1908 XXVIII.v
526 1818 668 1889 lisoanr
710 1813 923 1906 consulibus,
961 1814 1174 1891 miseriarum
1207 1828 1277 1891 ac,

267 1935 404 2009 saevitiae
420 1937 624 2031 exemplum
641 1952 757 2024 atrox,
784 1959 862 2007 reus
880 1954 992 2030 pater,
1011 1936 1190 2010 accusator
1208 1939 1250 2011 fi-

266 2055 345 2144 lius,
375 2049 524 2148 (nomen
540 2051 679 2148 utrique
699 2053 821 2124 Vibius
843 2054 1008 2146 Serenus)
1032 2055 1069 2126 in
1092 2055 1250 2130 senatum

266 2171 400 2248 inducti
427 2170 528 2245 sunt:
565 2173 611 2244 ab
634 2169 752 2244 exsilio
777 2172 955 2260 retractus,
982 2170 1185 2269 inluvieque
1206 2200 1250 2250 ac

152 2329 156 2336 ·
268 2293 425 2393 squalore
442 2294 585 2384 obsitus,
612 2286 736 2365 &tum
752 2293 871 2364 catena
887 2289 1038 2381 vinslus,
1066 2313 1248 2387 perorante

271 2416 361 2506 filio,
389 2434 495 2514 pater.
543 2415 684 2487 Paratus
700 2411 896 2486 adolescens
913 2409 1032 2484 multis
1053 2412 1247 2504 munditiis,
1269 2462 1272 2467 ‹

269 2535 375 2610 alacri
388 2538 505 2625 vultu,
526 2542 555 2579 “
574 2534 716 2608 structas
733 2530 886 2628 Principi
905 2529 1054 2623 insidias,
1081 2531 1197 2606 missos
1214 2534 1252 2608 in

272 2656 474 2731 “Galliam
498 2655 689 2730 concitores
716 2652 840 2743 belli,'’
861 2651 968 2725 index
989 2651 1086 2732 idem
1104 2654 1251 2729 &testis

268 2777 407 2867 dicebat
419 2807 430 2864 ;
458 2777 745 2874 adneslebatque,
784 2781 812 2816 “
831 2771 1013 2847 Caecilium
1037 2773 1251 2867 Cornutum,

178 2886 184 2892 ”
271 2906 299 2942 “
319 2898 533 2997 pretorium,
560 2896 796 2972 ministravisse
813 2892 998 2992 pecuniam
1012 2895 1048 2966 :”
1067 2894 1129 2994 qui
1146 2895 1252 2969 taedio

214 3000 222 3006 ⁴
269 3044 447 3107 curarum,
475 3024 509 3092 δι
527 3017 611 3116 quia
630 3017 825 3115 periculum
839 3042 904 3113 pro
918 3013 1025 3089 exitio
1041 3017 1250 3107 habebatur,

270 3153 422 3216 mortem
454 3136 490 3210 in
513 3134 547 3210 se
571 3135 756 3211 festinavit.
807 3142 857 3211 At
885 3137 1006 3211 contra
1035 3161 1127 3228 reus,
1164 3138 1251 3210 nibil

271 3260 419 3335 infrasto
448 3257 582 3348 animo,
610 3257 773 3355 obversus
795 3257 831 3330 in
858 3259 985 3351 filium,
1012 3279 1154 3356 quatere
1175 3259 1253 3333 vin·

271 3384 363 3472 cula,
392 3388 565 3455 “vocare
593 3379 721 3451 ultores
743 3377 841 3468 deos,
867 3399 907 3452 ut
924 3379 984 3454 fibi
1003 3379 1148 3477 quidem
1173 3380 1251 3454 red·

176 3526 180 3536 ³
272 3504 301 3542 “
318 3500 440 3573 derent
464 3499 635 3589 exsilium,
661 3496 723 3571 ubi
751 3500 873 3594 procul
897 3499 958 3573 tali
985 3525 1084 3572 more
1107 3516 1223 3595 ageret
1236 3525 1250 3584 ς

271 3626 299 3685 5‘
317 3617 429 3692 filium
480 3640 598 3693 autern
631 3618 844 3717 quandoque
873 3617 1043 3717 supplicia
1067 3618 1251 3713 sequeren-

172 3720 174 3724 ⁸
273 3748 300 3786 “
318 3739 411 3813 tur.''
469 3739 777 3837 Adseverabatque
809 3740 1075 3815 “innocentem
1112 3735 1250 3809 Cornu·
