<?xml version="1.0" encoding="UTF-8"?>
<!DOCTYPE html PUBLIC "-//W3C//DTD XHTML 1.0 Transitional//EN"
    "http://www.w3.org/TR/xhtml1/DTD/xhtml1-transitional.dtd">
<html xmlns="http://www.w3.org/1999/xhtml" xml:lang="en" lang="en">
 <head>
  <title>
</title>
<meta http-equiv="Content-Type" content="text/html;charset=utf-8" />
  <meta name='ocr-system' content='tesseract 3.04.00' />
  <meta name='ocr-capabilities' content='ocr_page ocr_carea ocr_par ocr_line ocrx_word'/>
</head>
<body>
  <div class='ocr_page' id='page_1' title='image "./ccorneliitaciti00freigoog_0080.png"; bbox 0 0 2776 4724; ppageno 0'>
   <div class='ocr_carea' id='block_1_1' title="bbox 371 331 1137 447">
    <p class='ocr_par' dir='ltr' id='par_1_1' title="bbox 371 331 1137 447">
     <span class='ocr_line' id='line_1_1' title="bbox 371 331 1137 447; baseline -0.016 -34"><span class='ocrx_word' id='word_1_1' title='bbox 371 343 679 413; x_wconf 66' lang='lat' dir='ltr'>Auxanum</span> <span class='ocrx_word' id='word_1_2' title='bbox 720 331 915 447; x_wconf 35' lang='lat' dir='ltr'>Lrs.l.&#39;</span> <span class='ocrx_word' id='word_1_3' title='bbox 1089 355 1137 428; x_wconf 83' lang='lat'>29</span> 
     </span>
    </p>
   </div>
   <div class='ocr_carea' id='block_1_2' title="bbox 149 503 1247 1345">
    <p class='ocr_par' dir='ltr' id='par_1_2' title="bbox 149 503 1247 1201">
     <span class='ocr_line' id='line_1_2' title="bbox 153 503 1139 623; baseline -0.017 -29"><span class='ocrx_word' id='word_1_4' title='bbox 153 523 287 623; x_wconf 85' lang='lat' dir='ltr'>giones,</span> <span class='ocrx_word' id='word_1_5' title='bbox 313 512 536 604; x_wconf 87' lang='lat' dir='ltr'>Percennius,</span> <span class='ocrx_word' id='word_1_6' title='bbox 574 540 638 587; x_wconf 91' lang='lat' dir='ltr'>nec</span> <span class='ocrx_word' id='word_1_7' title='bbox 670 510 765 608; x_wconf 88' lang='lat' dir='ltr'>apud</span> <span class='ocrx_word' id='word_1_8' title='bbox 797 503 950 603; x_wconf 85' lang='lat' dir='ltr'>trepidas</span> <span class='ocrx_word' id='word_1_9' title='bbox 987 503 1139 579; x_wconf 90' lang='lat' dir='ltr'>militum</span> 
     </span>
     <span class='ocr_line' id='line_1_3' title="bbox 151 621 1247 731; baseline -0.016 -14"><span class='ocrx_word' id='word_1_10' title='bbox 151 667 250 717; x_wconf 88' lang='lat' dir='ltr'>aures</span> <span class='ocrx_word' id='word_1_11' title='bbox 274 637 359 712; x_wconf 91' lang='lat' dir='ltr'>alios</span> <span class='ocrx_word' id='word_1_12' title='bbox 377 636 561 711; x_wconf 86' lang='lat' dir='ltr'>validiores</span> <span class='ocrx_word' id='word_1_13' title='bbox 586 633 759 709; x_wconf 85' lang='lat' dir='ltr'>exercitus</span> <span class='ocrx_word' id='word_1_14' title='bbox 782 627 1052 731; x_wconf 70' lang='lat' dir='ltr'>respicientium,</span> <span class='ocrx_word' id='word_1_15' title='bbox 1081 639 1140 716; x_wconf 68' lang='lat' dir='ltr'>sed</span> <span class='ocrx_word' id='word_1_16' title='bbox 1172 621 1176 630; x_wconf 62' lang='lat'><em>&#39;</em></span> <span class='ocrx_word' id='word_1_17' title='bbox 1243 637 1247 651; x_wconf 87' lang='lat'><em>&#39;</em></span> 
     </span>
     <span class='ocr_line' id='line_1_4' title="bbox 149 755 1140 856; baseline -0.003 -18"><span class='ocrx_word' id='word_1_18' title='bbox 149 763 262 838; x_wconf 86' lang='lat' dir='ltr'>multa</span> <span class='ocrx_word' id='word_1_19' title='bbox 273 757 447 834; x_wconf 84' lang='lat' dir='ltr'>seditionis</span> <span class='ocrx_word' id='word_1_20' title='bbox 464 783 526 830; x_wconf 87' lang='lat' dir='ltr'>ota</span> <span class='ocrx_word' id='word_1_21' title='bbox 541 755 732 856; x_wconf 88' lang='lat' dir='ltr'>vocesque:</span> <span class='ocrx_word' id='word_1_22' title='bbox 755 765 782 803; x_wconf 88' lang='lat'><strong>“</strong></span> <span class='ocrx_word' id='word_1_23' title='bbox 793 758 851 833; x_wconf 64' lang='lat' dir='ltr'>sus</span> <span class='ocrx_word' id='word_1_24' title='bbox 868 759 904 832; x_wconf 89' lang='lat' dir='ltr'>in</span> <span class='ocrx_word' id='word_1_25' title='bbox 917 786 1024 834; x_wconf 89' lang='lat' dir='ltr'>manu</span> <span class='ocrx_word' id='word_1_26' title='bbox 1044 758 1140 836; x_wconf 86' lang='lat' dir='ltr'>fitam</span> 
     </span>
     <span class='ocr_line' id='line_1_5' title="bbox 152 877 1230 980; baseline 0 -24"><span class='ocrx_word' id='word_1_27' title='bbox 152 890 180 927; x_wconf 77' lang='lat'>‘⁶</span> <span class='ocrx_word' id='word_1_28' title='bbox 194 908 271 956; x_wconf 89' lang='lat' dir='ltr'>rern</span> <span class='ocrx_word' id='word_1_29' title='bbox 297 884 513 969; x_wconf 85' lang='lat' dir='ltr'>Romanam,</span> <span class='ocrx_word' id='word_1_30' title='bbox 537 877 603 952; x_wconf 90' lang='lat' dir='ltr'>suis</span> <span class='ocrx_word' id='word_1_31' title='bbox 627 879 780 952; x_wconf 71' lang='lat' dir='ltr'>victoriis</span> <span class='ocrx_word' id='word_1_32' title='bbox 802 882 923 980; x_wconf 85' lang='lat' dir='ltr'>augeri</span> <span class='ocrx_word' id='word_1_33' title='bbox 945 883 1139 979; x_wconf 85' lang='lat' dir='ltr'>rempubli-</span> <span class='ocrx_word' id='word_1_34' title='bbox 1227 905 1230 912; x_wconf 78' lang='grc'><strong>“</strong></span> 
     </span>
     <span class='ocr_line' id='line_1_6' title="bbox 154 998 1140 1103; baseline -0.001 -26"><span class='ocrx_word' id='word_1_35' title='bbox 154 1010 182 1048; x_wconf 87' lang='grc'><strong>“</strong></span> <span class='ocrx_word' id='word_1_36' title='bbox 198 1028 292 1093; x_wconf 89' lang='lat' dir='ltr'>carn,</span> <span class='ocrx_word' id='word_1_37' title='bbox 321 998 483 1076; x_wconf 86' lang='lat' dir='ltr'>insnum</span> <span class='ocrx_word' id='word_1_38' title='bbox 508 1020 786 1103; x_wconf 83' lang='lat' dir='ltr'>cognomentum</span> <span class='ocrx_word' id='word_1_39' title='bbox 822 1001 957 1079; x_wconf 85' lang='lat' dir='ltr'>adscisci</span> <span class='ocrx_word' id='word_1_40' title='bbox 991 1002 1140 1103; x_wconf 87' lang='lat' dir='ltr'>impera-</span> 
     </span>
     <span class='ocr_line' id='line_1_7' title="bbox 154 1125 330 1201; baseline -0.023 0"><span class='ocrx_word' id='word_1_41' title='bbox 154 1132 182 1169; x_wconf 92' lang='lat'><strong>“</strong></span> <span class='ocrx_word' id='word_1_42' title='bbox 199 1125 330 1201; x_wconf 87' lang='lat' dir='ltr'>tores.&#39;&#39;</span> 
     </span>
    </p>

    <p class='ocr_par' dir='ltr' id='par_1_3' title="bbox 202 1244 1141 1345">
     <span class='ocr_line' id='line_1_8' title="bbox 202 1244 1141 1345; baseline -0.003 -24"><span class='ocrx_word' id='word_1_43' title='bbox 202 1246 358 1321; x_wconf 88' lang='lat' dir='ltr'><strong>XXXII.</strong></span> <span class='ocrx_word' id='word_1_44' title='bbox 384 1246 471 1319; x_wconf 80' lang='lat' dir='ltr'>Nac</span> <span class='ocrx_word' id='word_1_45' title='bbox 499 1269 679 1319; x_wconf 73' lang='lat' dir='ltr'>unsaros</span> <span class='ocrx_word' id='word_1_46' title='bbox 706 1244 849 1317; x_wconf 89' lang='lat' dir='ltr'>obviam</span> <span class='ocrx_word' id='word_1_47' title='bbox 877 1244 974 1319; x_wconf 87' lang='lat' dir='ltr'>ibat:</span> <span class='ocrx_word' id='word_1_48' title='bbox 1007 1246 1141 1345; x_wconf 88' lang='lat' dir='ltr'>quippe</span> 
     </span>
    </p>
   </div>
   <div class='ocr_carea' id='block_1_3' title="bbox 156 1341 1315 1465">
    <p class='ocr_par' dir='ltr' id='par_1_4' title="bbox 156 1341 1315 1465">
     <span class='ocr_line' id='line_1_9' title="bbox 156 1341 1315 1465; baseline 0.002 -28"><span class='ocrx_word' id='word_1_49' title='bbox 156 1365 312 1465; x_wconf 88' lang='lat' dir='ltr'>plurium</span> <span class='ocrx_word' id='word_1_50' title='bbox 328 1366 494 1438; x_wconf 80' lang='lat' dir='ltr'>vecordia</span> <span class='ocrx_word' id='word_1_51' title='bbox 504 1341 732 1439; x_wconf 84' lang='lat' dir='ltr'>constantiam</span> <span class='ocrx_word' id='word_1_52' title='bbox 751 1387 939 1439; x_wconf 86' lang='lat' dir='ltr'>exemerat.</span> <span class='ocrx_word' id='word_1_53' title='bbox 978 1368 1141 1465; x_wconf 69' lang='lat' dir='ltr'>Repente</span> <span class='ocrx_word' id='word_1_54' title='bbox 1218 1359 1222 1367; x_wconf 66' lang='grc'>’</span> <span class='ocrx_word' id='word_1_55' title='bbox 1311 1378 1315 1387; x_wconf 87' lang='grc'><strong>’</strong></span> 
     </span>
    </p>
   </div>
   <div class='ocr_carea' id='block_1_4' title="bbox 128 1484 1172 3887">
    <p class='ocr_par' dir='ltr' id='par_1_5' title="bbox 128 1484 1172 3887">
     <span class='ocr_line' id='line_1_10' title="bbox 158 1484 1140 1586; baseline 0 -25"><span class='ocrx_word' id='word_1_56' title='bbox 158 1484 346 1583; x_wconf 86' lang='lat' dir='ltr'>lymphati,</span> <span class='ocrx_word' id='word_1_57' title='bbox 372 1485 540 1560; x_wconf 73' lang='lat' dir='ltr'>destriujs</span> <span class='ocrx_word' id='word_1_58' title='bbox 563 1487 699 1586; x_wconf 82' lang='lat' dir='ltr'>gladiis,</span> <span class='ocrx_word' id='word_1_59' title='bbox 736 1486 773 1560; x_wconf 91' lang='lat' dir='ltr'>in</span> <span class='ocrx_word' id='word_1_60' title='bbox 801 1488 1019 1562; x_wconf 86' lang='lat' dir='ltr'>centuriones</span> <span class='ocrx_word' id='word_1_61' title='bbox 1043 1487 1140 1561; x_wconf 87' lang='lat' dir='ltr'>inva-</span> 
     </span>
     <span class='ocr_line' id='line_1_11' title="bbox 157 1606 1141 1699; baseline -0.001 -18"><span class='ocrx_word' id='word_1_62' title='bbox 157 1608 273 1681; x_wconf 85' lang='lat' dir='ltr'>dunt:</span> <span class='ocrx_word' id='word_1_63' title='bbox 297 1631 338 1679; x_wconf 87' lang='lat' dir='ltr'>ea</span> <span class='ocrx_word' id='word_1_64' title='bbox 363 1606 584 1681; x_wconf 77' lang='lat' dir='ltr'>vetustissima</span> <span class='ocrx_word' id='word_1_65' title='bbox 611 1608 816 1683; x_wconf 87' lang='lat' dir='ltr'>militaribus</span> <span class='ocrx_word' id='word_1_66' title='bbox 849 1607 938 1682; x_wconf 88' lang='lat' dir='ltr'>odiis</span> <span class='ocrx_word' id='word_1_67' title='bbox 970 1607 1141 1699; x_wconf 88' lang='lat' dir='ltr'>materies,</span> 
     </span>
     <span class='ocr_line' id='line_1_12' title="bbox 159 1723 1144 1827; baseline 0.001 -26"><span class='ocrx_word' id='word_1_68' title='bbox 159 1731 195 1801; x_wconf 70' lang='grc' dir='ltr'>ἃ</span> <span class='ocrx_word' id='word_1_69' title='bbox 230 1723 393 1800; x_wconf 83' lang='lat' dir='ltr'>saeviendi</span> <span class='ocrx_word' id='word_1_70' title='bbox 433 1726 666 1826; x_wconf 87' lang='lat' dir='ltr'>principium:</span> <span class='ocrx_word' id='word_1_71' title='bbox 718 1729 906 1827; x_wconf 85' lang='lat' dir='ltr'>prostratos</span> <span class='ocrx_word' id='word_1_72' title='bbox 939 1727 1144 1813; x_wconf 83' lang='lat' dir='ltr'>verberibus</span> 
     </span>
     <span class='ocr_line' id='line_1_13' title="bbox 160 1847 1144 1948; baseline -0.002 -25"><span class='ocrx_word' id='word_1_73' title='bbox 160 1849 330 1939; x_wconf 83' lang='lat' dir='ltr'>mulcant,</span> <span class='ocrx_word' id='word_1_74' title='bbox 363 1847 523 1948; x_wconf 85' lang='lat' dir='ltr'>sexageni</span> <span class='ocrx_word' id='word_1_75' title='bbox 549 1852 712 1948; x_wconf 81' lang='lat' dir='ltr'>singulos,</span> <span class='ocrx_word' id='word_1_76' title='bbox 745 1870 785 1924; x_wconf 93' lang='lat' dir='ltr'>ut</span> <span class='ocrx_word' id='word_1_77' title='bbox 812 1850 998 1926; x_wconf 83' lang='lat' dir='ltr'>numerum</span> <span class='ocrx_word' id='word_1_78' title='bbox 1023 1869 1144 1922; x_wconf 83' lang='lat' dir='ltr'>centu-</span> 
     </span>
     <span class='ocr_line' id='line_1_14' title="bbox 159 1956 1143 2069; baseline 0 -27"><span class='ocrx_word' id='word_1_79' title='bbox 159 1969 301 2043; x_wconf 87' lang='lat' dir='ltr'>rionum</span> <span class='ocrx_word' id='word_1_80' title='bbox 320 1956 554 2068; x_wconf 73' lang='lat' dir='ltr'>adaquarent.</span> <span class='ocrx_word' id='word_1_81' title='bbox 603 1971 703 2044; x_wconf 91' lang='lat' dir='ltr'>Tum</span> <span class='ocrx_word' id='word_1_82' title='bbox 719 1970 904 2045; x_wconf 84' lang='lat' dir='ltr'>convulsos</span> <span class='ocrx_word' id='word_1_83' title='bbox 917 1969 1143 2069; x_wconf 89' lang='lat' dir='ltr'>laniatosque,</span> 
     </span>
     <span class='ocr_line' id='line_1_15' title="bbox 128 2089 1146 2194; baseline 0.002 -30"><span class='ocrx_word' id='word_1_84' title='bbox 128 2189 130 2194; x_wconf 17' lang='lat'><em>7</em></span> <span class='ocrx_word' id='word_1_85' title='bbox 158 2094 193 2164; x_wconf 70' lang='grc' dir='ltr'><strong>ἃ</strong></span> <span class='ocrx_word' id='word_1_86' title='bbox 219 2089 346 2188; x_wconf 85' lang='lat' dir='ltr'>partim</span> <span class='ocrx_word' id='word_1_87' title='bbox 373 2091 567 2183; x_wconf 90' lang='lat' dir='ltr'>exanimos,</span> <span class='ocrx_word' id='word_1_88' title='bbox 590 2111 669 2166; x_wconf 88' lang='lat' dir='ltr'>ante</span> <span class='ocrx_word' id='word_1_89' title='bbox 695 2094 841 2184; x_wconf 87' lang='lat' dir='ltr'>vallum,</span> <span class='ocrx_word' id='word_1_90' title='bbox 865 2113 925 2181; x_wconf 74' lang='lat' dir='ltr'>aut</span> <span class='ocrx_word' id='word_1_91' title='bbox 945 2093 982 2167; x_wconf 91' lang='lat' dir='ltr'>in</span> <span class='ocrx_word' id='word_1_92' title='bbox 1003 2117 1146 2166; x_wconf 89' lang='lat' dir='ltr'>amnem</span> 
     </span>
     <span class='ocr_line' id='line_1_16' title="bbox 160 2198 1147 2313; baseline 0 -26"><span class='ocrx_word' id='word_1_93' title='bbox 160 2214 328 2287; x_wconf 69' lang='lat' dir='ltr'>Rhfflum</span> <span class='ocrx_word' id='word_1_94' title='bbox 366 2211 564 2312; x_wconf 90' lang='lat' dir='ltr'>projiciunt.</span> <span class='ocrx_word' id='word_1_95' title='bbox 615 2213 804 2311; x_wconf 89' lang='lat' dir='ltr'>Septimius</span> <span class='ocrx_word' id='word_1_96' title='bbox 833 2215 915 2288; x_wconf 73' lang='lat' dir='ltr'>ciam</span> <span class='ocrx_word' id='word_1_97' title='bbox 943 2198 1147 2313; x_wconf 82' lang='lat' dir='ltr'>perfugisset</span> 
     </span>
     <span class='ocr_line' id='line_1_17' title="bbox 158 2333 1147 2433; baseline -0.001 -27"><span class='ocrx_word' id='word_1_98' title='bbox 158 2335 201 2406; x_wconf 81' lang='lat' dir='ltr'>ad</span> <span class='ocrx_word' id='word_1_99' title='bbox 218 2334 384 2424; x_wconf 86' lang='lat' dir='ltr'>tribunal,</span> <span class='ocrx_word' id='word_1_100' title='bbox 413 2334 631 2433; x_wconf 89' lang='lat' dir='ltr'>pedibusque</span> <span class='ocrx_word' id='word_1_101' title='bbox 651 2335 804 2408; x_wconf 87' lang='lat' dir='ltr'>Caecinae</span> <span class='ocrx_word' id='word_1_102' title='bbox 818 2335 1077 2425; x_wconf 87' lang='lat' dir='ltr'>advolveretur,</span> <span class='ocrx_word' id='word_1_103' title='bbox 1104 2333 1147 2406; x_wconf 79' lang='lat' dir='ltr'>eb</span> 
     </span>
     <span class='ocr_line' id='line_1_18' title="bbox 160 2453 1147 2553; baseline 0 -26"><span class='ocrx_word' id='word_1_104' title='bbox 160 2453 267 2552; x_wconf 90' lang='lat' dir='ltr'>usque</span> <span class='ocrx_word' id='word_1_105' title='bbox 289 2454 464 2553; x_wconf 88' lang='lat' dir='ltr'>flagitatus</span> <span class='ocrx_word' id='word_1_106' title='bbox 488 2455 551 2548; x_wconf 90' lang='lat' dir='ltr'>est,</span> <span class='ocrx_word' id='word_1_107' title='bbox 565 2457 692 2529; x_wconf 65' lang='lat' dir='ltr'>”donec</span> <span class='ocrx_word' id='word_1_108' title='bbox 715 2458 761 2528; x_wconf 91' lang='lat' dir='ltr'>ad</span> <span class='ocrx_word' id='word_1_109' title='bbox 782 2454 930 2529; x_wconf 89' lang='lat' dir='ltr'>exitium</span> <span class='ocrx_word' id='word_1_110' title='bbox 950 2456 1147 2530; x_wconf 85' lang='lat' dir='ltr'>dederetur.</span> 
     </span>
     <span class='ocr_line' id='line_1_19' title="bbox 160 2575 1148 2668; baseline 0.001 -22"><span class='ocrx_word' id='word_1_111' title='bbox 160 2575 470 2668; x_wconf 84' lang='lat' dir='ltr'>Caffius-Chaerea,</span> <span class='ocrx_word' id='word_1_112' title='bbox 500 2602 585 2651; x_wconf 88' lang='lat' dir='ltr'>mox</span> <span class='ocrx_word' id='word_1_113' title='bbox 598 2577 694 2650; x_wconf 87' lang='lat' dir='ltr'>caede</span> <span class='ocrx_word' id='word_1_114' title='bbox 716 2577 757 2650; x_wconf 92' lang='lat' dir='ltr'>C.</span> <span class='ocrx_word' id='word_1_115' title='bbox 774 2575 916 2652; x_wconf 88' lang='lat' dir='ltr'>Caesaris</span> <span class='ocrx_word' id='word_1_116' title='bbox 938 2577 1148 2651; x_wconf 88' lang='lat' dir='ltr'>memoriam</span> 
     </span>
     <span class='ocr_line' id='line_1_20' title="bbox 132 2685 1149 2796; baseline -0.002 -26"><span class='ocrx_word' id='word_1_117' title='bbox 132 2685 135 2695; x_wconf 71' lang='grc'>’</span> <span class='ocrx_word' id='word_1_118' title='bbox 161 2698 258 2795; x_wconf 91' lang='lat' dir='ltr'>apud</span> <span class='ocrx_word' id='word_1_119' title='bbox 279 2696 436 2796; x_wconf 91' lang='lat' dir='ltr'>posteros</span> <span class='ocrx_word' id='word_1_120' title='bbox 459 2697 621 2795; x_wconf 89' lang='lat' dir='ltr'>adeptus,</span> <span class='ocrx_word' id='word_1_121' title='bbox 652 2718 729 2772; x_wconf 93' lang='lat' dir='ltr'>tum</span> <span class='ocrx_word' id='word_1_122' title='bbox 751 2698 960 2788; x_wconf 88' lang='lat' dir='ltr'>adolescens,</span> <span class='ocrx_word' id='word_1_123' title='bbox 985 2702 1018 2769; x_wconf 74' lang='grc' dir='ltr'>δι</span> <span class='ocrx_word' id='word_1_124' title='bbox 1042 2695 1149 2768; x_wconf 91' lang='lat' dir='ltr'>animi</span> 
     </span>
     <span class='ocr_line' id='line_1_21' title="bbox 161 2816 1147 2914; baseline -0.004 -23"><span class='ocrx_word' id='word_1_125' title='bbox 161 2816 277 2911; x_wconf 84' lang='lat' dir='ltr'>ferox,</span> <span class='ocrx_word' id='word_1_126' title='bbox 303 2819 391 2894; x_wconf 91' lang='lat' dir='ltr'>inter</span> <span class='ocrx_word' id='word_1_127' title='bbox 407 2818 583 2893; x_wconf 88' lang='lat' dir='ltr'>obstantes</span> <span class='ocrx_word' id='word_1_128' title='bbox 609 2824 809 2894; x_wconf 84' lang='lat' dir='ltr'>&amp;armatos</span> <span class='ocrx_word' id='word_1_129' title='bbox 830 2816 924 2891; x_wconf 88' lang='lat' dir='ltr'>serro</span> <span class='ocrx_word' id='word_1_130' title='bbox 937 2816 1032 2890; x_wconf 83' lang='lat' dir='ltr'>viam</span> <span class='ocrx_word' id='word_1_131' title='bbox 1051 2836 1147 2914; x_wconf 90' lang='lat' dir='ltr'>pate-</span> 
     </span>
     <span class='ocr_line' id='line_1_22' title="bbox 163 2934 1148 3035; baseline 0.002 -26"><span class='ocrx_word' id='word_1_132' title='bbox 163 2934 257 3011; x_wconf 89' lang='lat' dir='ltr'>socit.</span> <span class='ocrx_word' id='word_1_133' title='bbox 310 2942 398 3012; x_wconf 93' lang='lat' dir='ltr'>Non</span> <span class='ocrx_word' id='word_1_134' title='bbox 419 2941 581 3014; x_wconf 87' lang='lat' dir='ltr'>tribunus</span> <span class='ocrx_word' id='word_1_135' title='bbox 603 2941 708 3031; x_wconf 74' lang='lat' dir='ltr'>ultra,</span> <span class='ocrx_word' id='word_1_136' title='bbox 736 2966 808 3013; x_wconf 94' lang='lat' dir='ltr'>non</span> <span class='ocrx_word' id='word_1_137' title='bbox 832 2937 1026 3011; x_wconf 88' lang='lat' dir='ltr'>castrorum</span> <span class='ocrx_word' id='word_1_138' title='bbox 1059 2963 1148 3035; x_wconf 84' lang='lat' dir='ltr'>prae-</span> 
     </span>
     <span class='ocr_line' id='line_1_23' title="bbox 164 3055 1150 3159; baseline 0.001 -30"><span class='ocrx_word' id='word_1_139' title='bbox 164 3055 276 3130; x_wconf 72' lang='lat' dir='ltr'>festus</span> <span class='ocrx_word' id='word_1_140' title='bbox 290 3055 348 3156; x_wconf 88' lang='lat' dir='ltr'>jus</span> <span class='ocrx_word' id='word_1_141' title='bbox 373 3057 543 3132; x_wconf 86' lang='lat' dir='ltr'>obtinuit:</span> <span class='ocrx_word' id='word_1_142' title='bbox 570 3061 717 3159; x_wconf 85' lang='lat' dir='ltr'>vigilias,</span> <span class='ocrx_word' id='word_1_143' title='bbox 753 3059 927 3150; x_wconf 89' lang='lat' dir='ltr'>stationes,</span> <span class='ocrx_word' id='word_1_144' title='bbox 958 3063 993 3133; x_wconf 77' lang='grc' dir='ltr'>ὅτ</span> <span class='ocrx_word' id='word_1_145' title='bbox 1021 3062 1043 3131; x_wconf 87' lang='lat' dir='ltr'>fi</span> <span class='ocrx_word' id='word_1_146' title='bbox 1080 3084 1150 3157; x_wconf 87' lang='lat' dir='ltr'>qua</span> 
     </span>
     <span class='ocr_line' id='line_1_24' title="bbox 162 3173 1149 3280; baseline -0.001 -28"><span class='ocrx_word' id='word_1_147' title='bbox 162 3178 230 3252; x_wconf 84' lang='lat' dir='ltr'>alia</span> <span class='ocrx_word' id='word_1_148' title='bbox 245 3173 392 3275; x_wconf 86' lang='lat' dir='ltr'>praesens</span> <span class='ocrx_word' id='word_1_149' title='bbox 409 3176 488 3253; x_wconf 89' lang='lat' dir='ltr'>usus</span> <span class='ocrx_word' id='word_1_150' title='bbox 510 3179 692 3273; x_wconf 87' lang='lat' dir='ltr'>indixerat,</span> <span class='ocrx_word' id='word_1_151' title='bbox 720 3182 780 3280; x_wconf 83' lang='lat' dir='ltr'>ipfi</span> <span class='ocrx_word' id='word_1_152' title='bbox 810 3181 1056 3279; x_wconf 84' lang='lat' dir='ltr'>partiebantur.</span> <span class='ocrx_word' id='word_1_153' title='bbox 1106 3180 1149 3252; x_wconf 93' lang='lat' dir='ltr'>ld</span> 
     </span>
     <span class='ocr_line' id='line_1_25' title="bbox 165 3299 1149 3402; baseline 0 -30"><span class='ocrx_word' id='word_1_154' title='bbox 165 3300 330 3374; x_wconf 85' lang='lat' dir='ltr'>militares</span> <span class='ocrx_word' id='word_1_155' title='bbox 353 3300 489 3376; x_wconf 88' lang='lat' dir='ltr'>animos</span> <span class='ocrx_word' id='word_1_156' title='bbox 511 3302 611 3377; x_wconf 71' lang='lat' dir='ltr'>altilis</span> <span class='ocrx_word' id='word_1_157' title='bbox 634 3301 908 3402; x_wconf 74' lang='lat' dir='ltr'>conjectantibus</span> <span class='ocrx_word' id='word_1_158' title='bbox 931 3299 1149 3400; x_wconf 75' lang='lat' dir='ltr'>praecipuum</span> 
     </span>
     <span class='ocr_line' id='line_1_26' title="bbox 164 3409 1172 3523; baseline -0.003 -26"><span class='ocrx_word' id='word_1_159' title='bbox 164 3420 334 3497; x_wconf 90' lang='lat' dir='ltr'>indicium</span> <span class='ocrx_word' id='word_1_160' title='bbox 362 3409 482 3521; x_wconf 88' lang='lat' dir='ltr'>magni</span> <span class='ocrx_word' id='word_1_161' title='bbox 507 3442 610 3523; x_wconf 87' lang='lat' dir='ltr'>atque</span> <span class='ocrx_word' id='word_1_162' title='bbox 634 3423 865 3521; x_wconf 89' lang='lat' dir='ltr'>implacabilis</span> <span class='ocrx_word' id='word_1_163' title='bbox 893 3423 1025 3513; x_wconf 75' lang='lat' dir='ltr'>motus,</span> <span class='ocrx_word' id='word_1_164' title='bbox 1052 3422 1172 3521; x_wconf 78' lang='lat' dir='ltr'>quod·</span> 
     </span>
     <span class='ocr_line' id='line_1_27' title="bbox 165 3541 1171 3646; baseline 0 -31"><span class='ocrx_word' id='word_1_165' title='bbox 165 3566 279 3641; x_wconf 89' lang='lat' dir='ltr'>neque</span> <span class='ocrx_word' id='word_1_166' title='bbox 290 3541 435 3641; x_wconf 70' lang='lat' dir='ltr'>disjecti,</span> <span class='ocrx_word' id='word_1_167' title='bbox 467 3546 524 3646; x_wconf 76' lang='lat' dir='ltr'>vel</span> <span class='ocrx_word' id='word_1_168' title='bbox 538 3571 733 3643; x_wconf 88' lang='lat' dir='ltr'>paucorum</span> <span class='ocrx_word' id='word_1_169' title='bbox 750 3544 925 3635; x_wconf 75' lang='lat' dir='ltr'>instinslu,</span> <span class='ocrx_word' id='word_1_170' title='bbox 951 3541 1008 3617; x_wconf 92' lang='lat' dir='ltr'>sed</span> <span class='ocrx_word' id='word_1_171' title='bbox 1026 3542 1171 3642; x_wconf 66' lang='lat' dir='ltr'>pariter=</span> 
     </span>
     <span class='ocr_line' id='line_1_28' title="bbox 165 3647 1151 3765; baseline -0.003 -28"><span class='ocrx_word' id='word_1_172' title='bbox 165 3664 391 3756; x_wconf 89' lang='lat' dir='ltr'>ardescerent,</span> <span class='ocrx_word' id='word_1_173' title='bbox 424 3647 559 3763; x_wconf 35' lang='lat' dir='ltr'>pariter·</span> <span class='ocrx_word' id='word_1_174' title='bbox 577 3668 738 3740; x_wconf 75' lang='lat' dir='ltr'>silerent:</span> <span class='ocrx_word' id='word_1_175' title='bbox 775 3668 868 3740; x_wconf 69' lang='lat' dir='ltr'>tantl</span> <span class='ocrx_word' id='word_1_176' title='bbox 891 3666 1091 3765; x_wconf 77' lang='lat' dir='ltr'>aequalitate</span> <span class='ocrx_word' id='word_1_177' title='bbox 1114 3664 1151 3734; x_wconf 75' lang='grc' dir='ltr'>δι</span> 
     </span>
     <span class='ocr_line' id='line_1_29' title="bbox 165 3784 855 3887; baseline 0 -27"><span class='ocrx_word' id='word_1_178' title='bbox 165 3784 368 3880; x_wconf 65' lang='lat' dir='ltr'>constantis,</span> <span class='ocrx_word' id='word_1_179' title='bbox 391 3807 429 3863; x_wconf 90' lang='lat' dir='ltr'>ut</span> <span class='ocrx_word' id='word_1_180' title='bbox 446 3787 521 3887; x_wconf 89' lang='lat' dir='ltr'>regi</span> <span class='ocrx_word' id='word_1_181' title='bbox 544 3788 711 3861; x_wconf 87' lang='lat' dir='ltr'>crederes.</span> <span class='ocrx_word' id='word_1_182' title='bbox 852 3788 855 3799; x_wconf 87' lang='lat'>&#39;</span> 
     </span>
    </p>
   </div>
   <div class='ocr_carea' id='block_1_5' title="bbox 0 0 1411 4724">
    <p class='ocr_par' dir='ltr' id='par_1_6' title="bbox 0 0 1411 4724">
     <span class='ocr_line' id='line_1_30' title="bbox 0 0 1411 4724; baseline 0 0"><span class='ocrx_word' id='word_1_183' title='bbox 0 0 1411 4724; x_wconf 95' lang='lat' dir='ltr'> </span> 
     </span>
    </p>
   </div>
  </div>
 </body>
</html>
