<?xml version="1.0" encoding="UTF-8"?>
<!DOCTYPE html PUBLIC "-//W3C//DTD XHTML 1.0 Transitional//EN"
    "http://www.w3.org/TR/xhtml1/DTD/xhtml1-transitional.dtd">
<html xmlns="http://www.w3.org/1999/xhtml" xml:lang="en" lang="en">
 <head>
  <title>
</title>
<meta http-equiv="Content-Type" content="text/html;charset=utf-8" />
  <meta name='ocr-system' content='tesseract 3.04.00' />
  <meta name='ocr-capabilities' content='ocr_page ocr_carea ocr_par ocr_line ocrx_word'/>
</head>
<body>
  <div class='ocr_page' id='page_1' title='image "./ccorneliitaciti00freigoog_0037.png"; bbox 0 0 2738 4710; ppageno 0'>
   <div class='ocr_carea' id='block_1_1' title="bbox 122 322 398 401">
    <p class='ocr_par' dir='ltr' id='par_1_1' title="bbox 122 322 398 401">
     <span class='ocr_line' id='line_1_1' title="bbox 122 322 398 401; baseline -0.011 0"><span class='ocrx_word' id='word_1_1' title='bbox 122 322 398 401; x_wconf 41' lang='lat' dir='ltr'><em>&#39;xxx‘</em></span> 
     </span>
    </p>
   </div>
   <div class='ocr_carea' id='block_1_2' title="bbox 18 506 1317 3879">
    <p class='ocr_par' dir='ltr' id='par_1_2' title="bbox 150 506 1232 1594">
     <span class='ocr_line' id='line_1_2' title="bbox 221 506 1204 617; baseline -0.012 -21"><span class='ocrx_word' id='word_1_2' title='bbox 221 520 391 596; x_wconf 83' lang='lat' dir='ltr'><em>Beroaldus</em></span> <span class='ocrx_word' id='word_1_3' title='bbox 415 516 461 589; x_wconf 82' lang='lat' dir='ltr'><em>ael</em></span> <span class='ocrx_word' id='word_1_4' title='bbox 482 513 667 591; x_wconf 72' lang='lat' dir='ltr'><em>Leltoreme</em></span> <span class='ocrx_word' id='word_1_5' title='bbox 692 513 848 617; x_wconf 65' lang='lat' dir='ltr'><em>Quoniam</em></span> <span class='ocrx_word' id='word_1_6' title='bbox 874 525 967 586; x_wconf 88' lang='lat' dir='ltr'><em>vetus</em></span> <span class='ocrx_word' id='word_1_7' title='bbox 990 506 1099 597; x_wconf 82' lang='lat' dir='ltr'><em>Codex,</em></span> <span class='ocrx_word' id='word_1_8' title='bbox 1120 508 1204 591; x_wconf 68' lang='lat' dir='ltr'><em>andr,</em></span> 
     </span>
     <span class='ocr_line' id='line_1_3' title="bbox 219 633 1200 738; baseline -0.012 -23"><span class='ocrx_word' id='word_1_9' title='bbox 219 643 298 715; x_wconf 86' lang='lat' dir='ltr'><em>bunc</em></span> <span class='ocrx_word' id='word_1_10' title='bbox 320 639 417 738; x_wconf 91' lang='lat' dir='ltr'><em>ipsum</em></span> <span class='ocrx_word' id='word_1_11' title='bbox 444 639 670 731; x_wconf 69' lang='lat' dir='ltr'><em>describendam</em></span> <span class='ocrx_word' id='word_1_12' title='bbox 700 653 793 736; x_wconf 87' lang='lat' dir='ltr'><em>otque</em></span> <span class='ocrx_word' id='word_1_13' title='bbox 826 633 1046 730; x_wconf 76' lang='lat' dir='ltr'><em>iomulgandum</em></span> <span class='ocrx_word' id='word_1_14' title='bbox 1076 633 1200 718; x_wconf 86' lang='lat' dir='ltr'><em>eooravi,</em></span> 
     </span>
     <span class='ocr_line' id='line_1_4' title="bbox 214 739 1201 861; baseline -0.007 -28"><span class='ocrx_word' id='word_1_15' title='bbox 214 762 360 861; x_wconf 88' lang='lat' dir='ltr'><em>pluribus</em></span> <span class='ocrx_word' id='word_1_16' title='bbox 384 761 502 832; x_wconf 86' lang='lat' dir='ltr'><em>mendis</em></span> <span class='ocrx_word' id='word_1_17' title='bbox 516 760 635 853; x_wconf 87' lang='lat' dir='ltr'><em>scatet,</em></span> <span class='ocrx_word' id='word_1_18' title='bbox 662 783 780 856; x_wconf 85' lang='lat' dir='ltr'><em>aequum</em></span> <span class='ocrx_word' id='word_1_19' title='bbox 812 758 954 845; x_wconf 83' lang='lat' dir='ltr'><em>videtur,</em></span> <span class='ocrx_word' id='word_1_20' title='bbox 982 739 1141 827; x_wconf 74' lang='lat' dir='ltr'><em>Iatlorem</em></span> <span class='ocrx_word' id='word_1_21' title='bbox 1165 757 1201 826; x_wconf 91' lang='lat' dir='ltr'><em>in</em></span> 
     </span>
     <span class='ocr_line' id='line_1_5' title="bbox 213 869 1232 981; baseline -0.013 -27"><span class='ocrx_word' id='word_1_22' title='bbox 213 883 318 981; x_wconf 89' lang='lat' dir='ltr'><em>primo</em></span> <span class='ocrx_word' id='word_1_23' title='bbox 342 883 433 979; x_wconf 83' lang='lat' dir='ltr'><em>quast</em></span> <span class='ocrx_word' id='word_1_24' title='bbox 441 886 542 978; x_wconf 88' lang='lat' dir='ltr'><em>operis</em></span> <span class='ocrx_word' id='word_1_25' title='bbox 558 882 678 970; x_wconf 87' lang='lat' dir='ltr'><em>limine,</em></span> <span class='ocrx_word' id='word_1_26' title='bbox 697 881 810 972; x_wconf 75' lang='lat' dir='ltr'><em>confilii</em></span> <span class='ocrx_word' id='word_1_27' title='bbox 835 880 906 961; x_wconf 86' lang='lat' dir='ltr'><em>mei,</em></span> <span class='ocrx_word' id='word_1_28' title='bbox 936 900 992 972; x_wconf 88' lang='lat' dir='ltr'><em>quo</em></span> <span class='ocrx_word' id='word_1_29' title='bbox 1012 875 1045 944; x_wconf 88' lang='lat' dir='ltr'><em>in</em></span> <span class='ocrx_word' id='word_1_30' title='bbox 1069 884 1131 944; x_wconf 88' lang='lat' dir='ltr'><em>toto</em></span> <span class='ocrx_word' id='word_1_31' title='bbox 1149 869 1232 973; x_wconf 57' lang='grc' dir='ltr'><strong>Μ</strong></span> 
     </span>
     <span class='ocr_line' id='line_1_6' title="bbox 219 997 1201 1100; baseline -0.012 -25"><span class='ocrx_word' id='word_1_32' title='bbox 219 1005 336 1100; x_wconf 85' lang='lat' dir='ltr'><em>negotio</em></span> <span class='ocrx_word' id='word_1_33' title='bbox 351 1003 513 1098; x_wconf 82' lang='lat' dir='ltr'><em>oostosstom,</em></span> <span class='ocrx_word' id='word_1_34' title='bbox 538 1003 710 1076; x_wconf 84' lang='lat' dir='ltr'><em>admonere.</em></span> <span class='ocrx_word' id='word_1_35' title='bbox 761 999 905 1096; x_wconf 84' lang='lat' dir='ltr'><em>Namque</em></span> <span class='ocrx_word' id='word_1_36' title='bbox 917 1017 1049 1083; x_wconf 87' lang='lat' dir='ltr'><em>errores,</em></span> <span class='ocrx_word' id='word_1_37' title='bbox 1076 997 1131 1091; x_wconf 86' lang='lat' dir='ltr'><em>qui</em></span> <span class='ocrx_word' id='word_1_38' title='bbox 1141 1012 1201 1090; x_wconf 90' lang='lat' dir='ltr'><em>po·</em></span> 
     </span>
     <span class='ocr_line' id='line_1_7' title="bbox 218 1125 1203 1235; baseline -0.007 -36"><span class='ocrx_word' id='word_1_39' title='bbox 218 1139 322 1199; x_wconf 90' lang='lat' dir='ltr'><em>terant</em></span> <span class='ocrx_word' id='word_1_40' title='bbox 338 1129 424 1199; x_wconf 91' lang='lat' dir='ltr'><em>nulla</em></span> <span class='ocrx_word' id='word_1_41' title='bbox 450 1129 639 1210; x_wconf 63' lang='lat' dir='ltr'><em>temeritatis</em></span> <span class='ocrx_word' id='word_1_42' title='bbox 654 1141 726 1199; x_wconf 90' lang='lat' dir='ltr'><em>nota</em></span> <span class='ocrx_word' id='word_1_43' title='bbox 740 1125 909 1215; x_wconf 86' lang='lat' dir='ltr'><em>emendari,</em></span> <span class='ocrx_word' id='word_1_44' title='bbox 934 1139 1075 1232; x_wconf 57' lang='lat' dir='ltr'><em>,offusus</em></span> <span class='ocrx_word' id='word_1_45' title='bbox 1097 1139 1203 1235; x_wconf 68' lang='lat' dir='ltr'><em>primo</em></span> 
     </span>
     <span class='ocr_line' id='line_1_8' title="bbox 219 1248 1202 1352; baseline 0.009 -34"><span class='ocrx_word' id='word_1_46' title='bbox 219 1248 371 1320; x_wconf 81' lang='lat' dir='ltr'><em>nonnullis</em></span> <span class='ocrx_word' id='word_1_47' title='bbox 396 1250 530 1322; x_wconf 86' lang='lat' dir='ltr'><em>eruditis</em></span> <span class='ocrx_word' id='word_1_48' title='bbox 555 1249 596 1322; x_wconf 58' lang='grc' dir='ltr'>ὅ</span> <span class='ocrx_word' id='word_1_49' title='bbox 614 1254 700 1323; x_wconf 84' lang='lat' dir='ltr'><em>aeris</em></span> <span class='ocrx_word' id='word_1_50' title='bbox 712 1255 835 1352; x_wconf 84' lang='lat' dir='ltr'><em>judieii</em></span> <span class='ocrx_word' id='word_1_51' title='bbox 858 1261 954 1344; x_wconf 87' lang='lat' dir='ltr'><em>viris,</em></span> <span class='ocrx_word' id='word_1_52' title='bbox 975 1260 1102 1330; x_wconf 86' lang='lat' dir='ltr'><em>correxi.</em></span> <span class='ocrx_word' id='word_1_53' title='bbox 1153 1255 1202 1328; x_wconf 89' lang='lat' dir='ltr'><em>Ar</em></span> 
     </span>
     <span class='ocr_line' id='line_1_9' title="bbox 219 1371 1204 1472; baseline 0.011 -34"><span class='ocrx_word' id='word_1_54' title='bbox 219 1393 289 1466; x_wconf 81' lang='lat' dir='ltr'><em>qua</em></span> <span class='ocrx_word' id='word_1_55' title='bbox 303 1371 369 1440; x_wconf 87' lang='lat' dir='ltr'><em>loeo</em></span> <span class='ocrx_word' id='word_1_56' title='bbox 396 1374 541 1466; x_wconf 88' lang='lat' dir='ltr'><em>majorem</em></span> <span class='ocrx_word' id='word_1_57' title='bbox 566 1374 600 1443; x_wconf 93' lang='lat' dir='ltr'><em>in</em></span> <span class='ocrx_word' id='word_1_58' title='bbox 612 1373 655 1468; x_wconf 95' lang='lat' dir='ltr'><em>se</em></span> <span class='ocrx_word' id='word_1_59' title='bbox 669 1374 844 1472; x_wconf 84' lang='lat' dir='ltr'><em>corrigendi</em></span> <span class='ocrx_word' id='word_1_60' title='bbox 856 1375 1065 1472; x_wconf 74' lang='lat' dir='ltr'><em>difficultatem</em></span> <span class='ocrx_word' id='word_1_61' title='bbox 1089 1376 1204 1449; x_wconf 85' lang='lat' dir='ltr'><em>habere</em></span> 
     </span>
     <span class='ocr_line' id='line_1_10' title="bbox 150 1491 1205 1594; baseline 0.004 -31"><span class='ocrx_word' id='word_1_62' title='bbox 150 1589 155 1594; x_wconf 28' lang='lat'><em>·</em></span> <span class='ocrx_word' id='word_1_63' title='bbox 219 1491 425 1583; x_wconf 84' lang='lat' dir='ltr'><em>videbantur,</em></span> <span class='ocrx_word' id='word_1_64' title='bbox 435 1494 521 1586; x_wconf 87' lang='lat' dir='ltr'><em>stent</em></span> <span class='ocrx_word' id='word_1_65' title='bbox 535 1508 638 1582; x_wconf 84' lang='lat' dir='ltr'><em>erant,</em></span> <span class='ocrx_word' id='word_1_66' title='bbox 662 1497 786 1594; x_wconf 79' lang='lat' dir='ltr'><em>reliqui,</em></span> <span class='ocrx_word' id='word_1_67' title='bbox 801 1499 946 1594; x_wconf 85' lang='lat' dir='ltr'><em>appofitis</em></span> <span class='ocrx_word' id='word_1_68' title='bbox 961 1500 1103 1583; x_wconf 76' lang='lat' dir='ltr'><em>interiori</em></span> <span class='ocrx_word' id='word_1_69' title='bbox 1117 1519 1205 1569; x_wconf 90' lang='lat' dir='ltr'><em>mar-</em></span> 
     </span>
    </p>

    <p class='ocr_par' dir='ltr' id='par_1_3' title="bbox 126 1610 1227 2435">
     <span class='ocr_line' id='line_1_11' title="bbox 126 1610 1227 1717; baseline 0.008 -37"><span class='ocrx_word' id='word_1_70' title='bbox 126 1610 130 1617; x_wconf 81' lang='grc'><strong>’</strong></span> <span class='ocrx_word' id='word_1_71' title='bbox 178 1611 182 1615; x_wconf 54' lang='grc'><em>”</em></span> <span class='ocrx_word' id='word_1_72' title='bbox 216 1612 442 1709; x_wconf 80' lang='lat' dir='ltr'><em>ginistellulis‚</em></span> <span class='ocrx_word' id='word_1_73' title='bbox 466 1639 536 1710; x_wconf 79' lang='lat' dir='ltr'><em>qua</em></span> <span class='ocrx_word' id='word_1_74' title='bbox 550 1617 695 1709; x_wconf 78' lang='lat' dir='ltr'><em>vitiofiem</em></span> <span class='ocrx_word' id='word_1_75' title='bbox 713 1617 850 1689; x_wconf 85' lang='lat' dir='ltr'><em>Codicem</em></span> <span class='ocrx_word' id='word_1_76' title='bbox 870 1620 1067 1712; x_wconf 76' lang='lat' dir='ltr'><em>testarentur.</em></span> <span class='ocrx_word' id='word_1_77' title='bbox 1110 1620 1227 1717; x_wconf 22' lang='lat' dir='ltr'><em>Sepo-I-</em></span> 
     </span>
     <span class='ocr_line' id='line_1_12' title="bbox 209 1733 1209 1835; baseline 0.005 -33"><span class='ocrx_word' id='word_1_78' title='bbox 209 1733 336 1826; x_wconf 86' lang='lat' dir='ltr'><em>snimus</em></span> <span class='ocrx_word' id='word_1_79' title='bbox 359 1757 433 1805; x_wconf 85' lang='lat' dir='ltr'><em>vero</em></span> <span class='ocrx_word' id='word_1_80' title='bbox 457 1736 571 1806; x_wconf 84' lang='lat' dir='ltr'><em>librum</em></span> <span class='ocrx_word' id='word_1_81' title='bbox 600 1739 635 1806; x_wconf 89' lang='lat' dir='ltr'><em>in</em></span> <span class='ocrx_word' id='word_1_82' title='bbox 661 1738 744 1809; x_wconf 83' lang='lat' dir='ltr'><em>calce</em></span> <span class='ocrx_word' id='word_1_83' title='bbox 768 1741 874 1835; x_wconf 88' lang='lat' dir='ltr'><em>quinti</em></span> <span class='ocrx_word' id='word_1_84' title='bbox 898 1742 984 1826; x_wconf 88' lang='lat' dir='ltr'><em>libri,</em></span> <span class='ocrx_word' id='word_1_85' title='bbox 1009 1743 1122 1835; x_wconf 87' lang='lat' dir='ltr'><em>inquo</em></span> <span class='ocrx_word' id='word_1_86' title='bbox 1144 1755 1209 1833; x_wconf 87' lang='lat' dir='ltr'><em>per</em></span> 
     </span>
     <span class='ocr_line' id='line_1_13' title="bbox 221 1854 1208 1956; baseline 0.007 -35"><span class='ocrx_word' id='word_1_87' title='bbox 221 1875 379 1925; x_wconf 88' lang='lat' dir='ltr'><em>numerum</em></span> <span class='ocrx_word' id='word_1_88' title='bbox 410 1854 589 1926; x_wconf 83' lang='lat' dir='ltr'><em>chartarum</em></span> <span class='ocrx_word' id='word_1_89' title='bbox 610 1856 766 1947; x_wconf 82' lang='lat' dir='ltr'><em>stellulam</em></span> <span class='ocrx_word' id='word_1_90' title='bbox 794 1857 890 1956; x_wconf 84' lang='lat' dir='ltr'><em>ipsam</em></span> <span class='ocrx_word' id='word_1_91' title='bbox 918 1885 985 1931; x_wconf 87' lang='lat' dir='ltr'><em>aum</em></span> <span class='ocrx_word' id='word_1_92' title='bbox 998 1860 1060 1955; x_wconf 86' lang='lat' dir='ltr'><em>sno</em></span> <span class='ocrx_word' id='word_1_93' title='bbox 1083 1878 1208 1928; x_wconf 85' lang='lat' dir='ltr'><em>numero</em></span> 
     </span>
     <span class='ocr_line' id='line_1_14' title="bbox 221 1973 1204 2073; baseline 0.003 -28"><span class='ocrx_word' id='word_1_94' title='bbox 221 1985 369 2071; x_wconf 86' lang='lat' dir='ltr'><em>tanquam</em></span> <span class='ocrx_word' id='word_1_95' title='bbox 397 1973 442 2043; x_wconf 87' lang='lat' dir='ltr'><em>ad</em></span> <span class='ocrx_word' id='word_1_96' title='bbox 466 1974 596 2066; x_wconf 81' lang='lat' dir='ltr'><em>aarufflom</em></span> <span class='ocrx_word' id='word_1_97' title='bbox 621 1975 779 2047; x_wconf 86' lang='lat' dir='ltr'><em>dicendam</em></span> <span class='ocrx_word' id='word_1_98' title='bbox 812 1981 846 2048; x_wconf 94' lang='lat' dir='ltr'><em>in</em></span> <span class='ocrx_word' id='word_1_99' title='bbox 866 1979 1023 2073; x_wconf 77' lang='lat' dir='ltr'><em>judicium</em></span> <span class='ocrx_word' id='word_1_100' title='bbox 1050 2002 1204 2050; x_wconf 81' lang='lat' dir='ltr'><em>vocemur.</em></span> 
     </span>
     <span class='ocr_line' id='line_1_15' title="bbox 223 2093 1209 2193; baseline 0.003 -28"><span class='ocrx_word' id='word_1_101' title='bbox 223 2094 278 2165; x_wconf 87' lang='lat' dir='ltr'><em>Ibi</em></span> <span class='ocrx_word' id='word_1_102' title='bbox 290 2094 363 2191; x_wconf 87' lang='lat' dir='ltr'><em>dum</em></span> <span class='ocrx_word' id='word_1_103' title='bbox 377 2094 473 2166; x_wconf 78' lang='lat' dir='ltr'><em>terror</em></span> <span class='ocrx_word' id='word_1_104' title='bbox 493 2103 549 2166; x_wconf 90' lang='lat' dir='ltr'><em>aut</em></span> <span class='ocrx_word' id='word_1_105' title='bbox 571 2093 803 2182; x_wconf 83' lang='lat' dir='ltr'><em>dubitationem,</em></span> <span class='ocrx_word' id='word_1_106' title='bbox 824 2110 880 2168; x_wconf 87' lang='lat' dir='ltr'><em>out</em></span> <span class='ocrx_word' id='word_1_107' title='bbox 897 2098 1062 2193; x_wconf 84' lang='lat' dir='ltr'><em>opinionem</em></span> <span class='ocrx_word' id='word_1_108' title='bbox 1079 2096 1209 2191; x_wconf 73' lang='lat' dir='ltr'><em>nostram</em></span> 
     </span>
     <span class='ocr_line' id='line_1_16' title="bbox 223 2215 1205 2314; baseline 0.004 -30"><span class='ocrx_word' id='word_1_109' title='bbox 223 2215 341 2302; x_wconf 77' lang='lat' dir='ltr'><em>mediet,</em></span> <span class='ocrx_word' id='word_1_110' title='bbox 357 2215 412 2286; x_wconf 85' lang='lat' dir='ltr'><em>vel</em></span> <span class='ocrx_word' id='word_1_111' title='bbox 422 2215 614 2311; x_wconf 86' lang='lat' dir='ltr'><em>sententiam</em></span> <span class='ocrx_word' id='word_1_112' title='bbox 631 2218 816 2314; x_wconf 82' lang='lat' dir='ltr'><em>approbabit</em></span> <span class='ocrx_word' id='word_1_113' title='bbox 839 2241 960 2303; x_wconf 91' lang='lat' dir='ltr'><em>meam,</em></span> <span class='ocrx_word' id='word_1_114' title='bbox 984 2216 1039 2288; x_wconf 84' lang='lat' dir='ltr'><em>vel</em></span> <span class='ocrx_word' id='word_1_115' title='bbox 1051 2217 1205 2288; x_wconf 89' lang='lat' dir='ltr'><em>meliorem</em></span> 
     </span>
     <span class='ocr_line' id='line_1_17' title="bbox 224 2332 1208 2435; baseline 0.005 -29"><span class='ocrx_word' id='word_1_116' title='bbox 224 2336 291 2433; x_wconf 89' lang='lat' dir='ltr'><em>ipse</em></span> <span class='ocrx_word' id='word_1_117' title='bbox 320 2335 443 2431; x_wconf 71' lang='lat' dir='ltr'><em>efferet.</em></span> <span class='ocrx_word' id='word_1_118' title='bbox 494 2338 643 2431; x_wconf 87' lang='lat' dir='ltr'><em>Verum,</em></span> <span class='ocrx_word' id='word_1_119' title='bbox 674 2339 732 2411; x_wconf 86' lang='lat' dir='ltr'><em>etfi</em></span> <span class='ocrx_word' id='word_1_120' title='bbox 767 2363 808 2411; x_wconf 81' lang='lat' dir='ltr'><em>ea</em></span> <span class='ocrx_word' id='word_1_121' title='bbox 834 2334 1017 2435; x_wconf 80' lang='lat' dir='ltr'><em>diligentia</em></span> <span class='ocrx_word' id='word_1_122' title='bbox 1044 2332 1077 2408; x_wconf 92' lang='lat' dir='ltr'><em>se</em></span> <span class='ocrx_word' id='word_1_123' title='bbox 1104 2334 1208 2411; x_wconf 88' lang='lat' dir='ltr'><em>usum</em></span> 
     </span>
    </p>

    <p class='ocr_par' dir='ltr' id='par_1_4' title="bbox 18 2455 1286 2680">
     <span class='ocr_line' id='line_1_18' title="bbox 18 2455 1208 2557; baseline -0.001 -26"><span class='ocrx_word' id='word_1_124' title='bbox 18 2459 26 2482; x_wconf 74' lang='grc'><em>’“</em></span> <span class='ocrx_word' id='word_1_125' title='bbox 139 2499 141 2501; x_wconf 95' lang='grc'>-</span> <span class='ocrx_word' id='word_1_126' title='bbox 223 2457 373 2532; x_wconf 86' lang='lat' dir='ltr'><em>ostendit</em></span> <span class='ocrx_word' id='word_1_127' title='bbox 389 2459 591 2550; x_wconf 87' lang='lat' dir='ltr'><em>Beroaldus,</em></span> <span class='ocrx_word' id='word_1_128' title='bbox 613 2458 658 2532; x_wconf 85' lang='lat' dir='ltr'><em>ad</em></span> <span class='ocrx_word' id='word_1_129' title='bbox 675 2459 807 2539; x_wconf 85' lang='lat' dir='ltr'><em>calcem</em></span> <span class='ocrx_word' id='word_1_130' title='bbox 823 2457 903 2533; x_wconf 86' lang='lat' dir='ltr'><em>libri</em></span> <span class='ocrx_word' id='word_1_131' title='bbox 919 2455 1047 2557; x_wconf 87' lang='lat' dir='ltr'><em>quinti,</em></span> <span class='ocrx_word' id='word_1_132' title='bbox 1072 2476 1111 2531; x_wconf 88' lang='lat' dir='ltr'><em>ut</em></span> <span class='ocrx_word' id='word_1_133' title='bbox 1128 2455 1208 2530; x_wconf 77' lang='lat' dir='ltr'><em>illos</em></span> 
     </span>
     <span class='ocr_line' id='line_1_19' title="bbox 71 2575 1286 2680; baseline -0.001 -27"><span class='ocrx_word' id='word_1_134' title='bbox 71 2593 80 2607; x_wconf 88' lang='grc'><em>“</em></span> <span class='ocrx_word' id='word_1_135' title='bbox 224 2575 314 2678; x_wconf 87' lang='lat' dir='ltr'><em>ipsos</em></span> <span class='ocrx_word' id='word_1_136' title='bbox 349 2580 505 2679; x_wconf 88' lang='lat' dir='ltr'><em>quinque</em></span> <span class='ocrx_word' id='word_1_137' title='bbox 533 2581 654 2671; x_wconf 84' lang='lat' dir='ltr'><em>libros,</em></span> <span class='ocrx_word' id='word_1_138' title='bbox 680 2579 755 2680; x_wconf 87' lang='lat' dir='ltr'><em>jam</em></span> <span class='ocrx_word' id='word_1_139' title='bbox 784 2579 906 2654; x_wconf 86' lang='lat' dir='ltr'><em>formis</em></span> <span class='ocrx_word' id='word_1_140' title='bbox 934 2575 1091 2668; x_wconf 85' lang='lat' dir='ltr'><em>excusos,</em></span> <span class='ocrx_word' id='word_1_141' title='bbox 1126 2603 1210 2652; x_wconf 87' lang='lat' dir='ltr'><em>cum</em></span> <span class='ocrx_word' id='word_1_142' title='bbox 1279 2598 1286 2611; x_wconf 72' lang='lat'><strong><em>⁴</em></strong></span> 
     </span>
    </p>

    <p class='ocr_par' dir='ltr' id='par_1_5' title="bbox 114 2696 1295 3143">
     <span class='ocr_line' id='line_1_20' title="bbox 114 2696 1207 2800; baseline -0.005 -24"><span class='ocrx_word' id='word_1_143' title='bbox 114 2696 118 2704; x_wconf 75' lang='grc'><strong>’</strong></span> <span class='ocrx_word' id='word_1_144' title='bbox 224 2701 363 2776; x_wconf 91' lang='lat' dir='ltr'><em>Codice</em></span> <span class='ocrx_word' id='word_1_145' title='bbox 378 2721 492 2776; x_wconf 88' lang='lat' dir='ltr'><em>vetere</em></span> <span class='ocrx_word' id='word_1_146' title='bbox 509 2702 708 2793; x_wconf 87' lang='lat' dir='ltr'><em>contulerit,</em></span> <span class='ocrx_word' id='word_1_147' title='bbox 736 2706 771 2776; x_wconf 79' lang='grc' dir='ltr'><em>ὅτ</em></span> <span class='ocrx_word' id='word_1_148' title='bbox 787 2727 866 2800; x_wconf 87' lang='lat' dir='ltr'><em>quae</em></span> <span class='ocrx_word' id='word_1_149' title='bbox 879 2725 994 2799; x_wconf 81' lang='lat' dir='ltr'><em>operae</em></span> <span class='ocrx_word' id='word_1_150' title='bbox 1013 2698 1207 2789; x_wconf 84' lang='lat' dir='ltr'><em>variaffent,</em></span> 
     </span>
     <span class='ocr_line' id='line_1_21' title="bbox 227 2820 1212 2923; baseline -0.006 -28"><span class='ocrx_word' id='word_1_151' title='bbox 227 2822 423 2897; x_wconf 86' lang='lat' dir='ltr'><em>annotarit:</em></span> <span class='ocrx_word' id='word_1_152' title='bbox 452 2844 569 2900; x_wconf 82' lang='lat' dir='ltr'><em>tamen</em></span> <span class='ocrx_word' id='word_1_153' title='bbox 587 2824 665 2923; x_wconf 88' lang='lat' dir='ltr'><em>post</em></span> <span class='ocrx_word' id='word_1_154' title='bbox 686 2850 767 2899; x_wconf 89' lang='lat' dir='ltr'><em>eum</em></span> <span class='ocrx_word' id='word_1_155' title='bbox 785 2823 988 2897; x_wconf 87' lang='lat' dir='ltr'><em>Pichena&amp;</em></span> <span class='ocrx_word' id='word_1_156' title='bbox 1014 2822 1049 2917; x_wconf 86' lang='lat' dir='ltr'><em>J.</em></span> <span class='ocrx_word' id='word_1_157' title='bbox 1071 2820 1212 2892; x_wconf 91' lang='lat' dir='ltr'><em>Grono-</em></span> 
     </span>
     <span class='ocr_line' id='line_1_22' title="bbox 228 2941 1210 3034; baseline -0.005 -17"><span class='ocrx_word' id='word_1_158' title='bbox 228 2942 307 3018; x_wconf 71' lang='lat' dir='ltr'><em>vius</em></span> <span class='ocrx_word' id='word_1_159' title='bbox 323 2964 395 3018; x_wconf 83' lang='lat' dir='ltr'><em>non</em></span> <span class='ocrx_word' id='word_1_160' title='bbox 412 2944 549 3020; x_wconf 87' lang='lat' dir='ltr'><em>irritum</em></span> <span class='ocrx_word' id='word_1_161' title='bbox 565 2947 722 3021; x_wconf 88' lang='lat' dir='ltr'><em>laborem</em></span> <span class='ocrx_word' id='word_1_162' title='bbox 735 2941 1006 3034; x_wconf 81' lang='lat' dir='ltr'><em>consumserunt,</em></span> <span class='ocrx_word' id='word_1_163' title='bbox 1029 2955 1210 3015; x_wconf 81' lang='lat' dir='ltr'><em>cum&#39;eun·</em></span> 
     </span>
     <span class='ocr_line' id='line_1_23' title="bbox 227 3063 1295 3143; baseline -0.008 -7"><span class='ocrx_word' id='word_1_164' title='bbox 227 3063 311 3136; x_wconf 87' lang='lat' dir='ltr'><em>dem</em></span> <span class='ocrx_word' id='word_1_165' title='bbox 333 3085 487 3138; x_wconf 85' lang='lat' dir='ltr'><em>veterem</em></span> <span class='ocrx_word' id='word_1_166' title='bbox 514 3067 687 3143; x_wconf 87' lang='lat' dir='ltr'><em>Codicem</em></span> <span class='ocrx_word' id='word_1_167' title='bbox 715 3093 797 3141; x_wconf 88' lang='lat' dir='ltr'><em>cum</em></span> <span class='ocrx_word' id='word_1_168' title='bbox 824 3065 925 3140; x_wconf 87' lang='lat' dir='ltr'><em>editis</em></span> <span class='ocrx_word' id='word_1_169' title='bbox 955 3065 1155 3139; x_wconf 87' lang='lat' dir='ltr'><em>contulere:</em></span> <span class='ocrx_word' id='word_1_170' title='bbox 1172 3073 1213 3134; x_wconf 70' lang='lat' dir='ltr'><em>&#39;e</em></span> <span class='ocrx_word' id='word_1_171' title='bbox 1293 3122 1295 3126; x_wconf 13' lang='grc' dir='ltr'><em>Α</em></span> 
     </span>
    </p>

    <p class='ocr_par' dir='ltr' id='par_1_6' title="bbox 36 3179 1211 3284">
     <span class='ocr_line' id='line_1_24' title="bbox 36 3179 1211 3284; baseline -0.008 -25"><span class='ocrx_word' id='word_1_172' title='bbox 36 3179 40 3190; x_wconf 74' lang='grc'>’</span> <span class='ocrx_word' id='word_1_173' title='bbox 126 3279 128 3282; x_wconf 15' lang='lat'><strong><em>¹</em></strong></span> <span class='ocrx_word' id='word_1_174' title='bbox 228 3209 381 3282; x_wconf 88' lang='lat' dir='ltr'><em>quorum</em></span> <span class='ocrx_word' id='word_1_175' title='bbox 408 3185 532 3259; x_wconf 65' lang='lat' dir='ltr'><em>notatis</em></span> <span class='ocrx_word' id='word_1_176' title='bbox 560 3208 668 3284; x_wconf 74' lang='lat' dir='ltr'><em>patet,</em></span> <span class='ocrx_word' id='word_1_177' title='bbox 694 3189 903 3261; x_wconf 85' lang='lat' dir='ltr'><em>Beroaldum</em></span> <span class='ocrx_word' id='word_1_178' title='bbox 930 3186 985 3260; x_wconf 88' lang='lat' dir='ltr'><em>vel</em></span> <span class='ocrx_word' id='word_1_179' title='bbox 1012 3207 1072 3280; x_wconf 87' lang='lat' dir='ltr'><em>per</em></span> <span class='ocrx_word' id='word_1_180' title='bbox 1098 3179 1211 3278; x_wconf 87' lang='lat' dir='ltr'><em>negli-</em></span> 
     </span>
    </p>

    <p class='ocr_par' dir='ltr' id='par_1_7' title="bbox 124 3304 1213 3402">
     <span class='ocr_line' id='line_1_25' title="bbox 124 3304 1213 3402; baseline -0.006 -25"><span class='ocrx_word' id='word_1_181' title='bbox 124 3314 125 3317; x_wconf 75' lang='grc'>’</span> <span class='ocrx_word' id='word_1_182' title='bbox 229 3304 398 3402; x_wconf 84' lang='lat' dir='ltr'><em>gentiam,</em></span> <span class='ocrx_word' id='word_1_183' title='bbox 421 3306 477 3379; x_wconf 86' lang='lat' dir='ltr'><em>vel</em></span> <span class='ocrx_word' id='word_1_184' title='bbox 495 3305 669 3402; x_wconf 87' lang='lat' dir='ltr'><em>scripturae</em></span> <span class='ocrx_word' id='word_1_185' title='bbox 688 3307 812 3380; x_wconf 88' lang='lat' dir='ltr'><em>veteris</em></span> <span class='ocrx_word' id='word_1_186' title='bbox 840 3306 1020 3392; x_wconf 86' lang='lat' dir='ltr'><em>inscitiam,</em></span> <span class='ocrx_word' id='word_1_187' title='bbox 1048 3325 1119 3373; x_wconf 88' lang='lat' dir='ltr'><em>non</em></span> <span class='ocrx_word' id='word_1_188' title='bbox 1136 3325 1213 3372; x_wconf 89' lang='lat' dir='ltr'><em>raro</em></span> 
     </span>
    </p>

    <p class='ocr_par' dir='ltr' id='par_1_8' title="bbox 127 3417 1317 3879">
     <span class='ocr_line' id='line_1_26' title="bbox 127 3417 1212 3524; baseline -0.009 -25"><span class='ocrx_word' id='word_1_189' title='bbox 127 3504 129 3509; x_wconf 10' lang='grc' dir='ltr'>χ</span> <span class='ocrx_word' id='word_1_190' title='bbox 229 3450 251 3498; x_wconf 88' lang='lat' dir='ltr'>a</span> <span class='ocrx_word' id='word_1_191' title='bbox 278 3451 360 3499; x_wconf 81' lang='lat' dir='ltr'><em>vera</em></span> <span class='ocrx_word' id='word_1_192' title='bbox 386 3426 535 3499; x_wconf 65' lang='lat' dir='ltr'><em>lectione</em></span> <span class='ocrx_word' id='word_1_193' title='bbox 562 3423 641 3498; x_wconf 89' lang='lat' dir='ltr'><em>libri</em></span> <span class='ocrx_word' id='word_1_194' title='bbox 669 3427 853 3519; x_wconf 78' lang='lat' dir='ltr'><em>aberrasse,</em></span> <span class='ocrx_word' id='word_1_195' title='bbox 884 3424 978 3524; x_wconf 91' lang='lat' dir='ltr'><em>quod</em></span> <span class='ocrx_word' id='word_1_196' title='bbox 1006 3420 1109 3495; x_wconf 89' lang='lat' dir='ltr'><em>etiam</em></span> <span class='ocrx_word' id='word_1_197' title='bbox 1136 3417 1212 3491; x_wconf 83' lang='lat' dir='ltr'><em>aliis</em></span> 
     </span>
     <span class='ocr_line' id='line_1_27' title="bbox 230 3537 1212 3635; baseline -0.009 -16"><span class='ocrx_word' id='word_1_198' title='bbox 230 3544 316 3619; x_wconf 88' lang='lat' dir='ltr'><em>olim</em></span> <span class='ocrx_word' id='word_1_199' title='bbox 344 3544 427 3620; x_wconf 82' lang='lat' dir='ltr'><em>viris</em></span> <span class='ocrx_word' id='word_1_200' title='bbox 457 3544 580 3635; x_wconf 59' lang='lat' dir='ltr'><em>doleis,</em></span> <span class='ocrx_word' id='word_1_201' title='bbox 616 3548 651 3618; x_wconf 79' lang='grc' dir='ltr'><em>ὅτ</em></span> <span class='ocrx_word' id='word_1_202' title='bbox 682 3546 878 3622; x_wconf 85' lang='lat' dir='ltr'><em>Petrarchae</em></span> <span class='ocrx_word' id='word_1_203' title='bbox 911 3544 947 3617; x_wconf 89' lang='lat' dir='ltr'><em>in</em></span> <span class='ocrx_word' id='word_1_204' title='bbox 979 3537 1212 3615; x_wconf 83' lang='lat' dir='ltr'><em>describendis</em></span> 
     </span>
     <span class='ocr_line' id='line_1_28' title="bbox 226 3650 1214 3765; baseline -0.01 -25"><span class='ocrx_word' id='word_1_205' title='bbox 226 3650 412 3741; x_wconf 46' lang='lat' dir='ltr'><em>&#39;Ciceronis</em></span> <span class='ocrx_word' id='word_1_206' title='bbox 439 3653 606 3765; x_wconf 88' lang='lat' dir='ltr'><em>epistolis,</em></span> <span class='ocrx_word' id='word_1_207' title='bbox 644 3664 780 3740; x_wconf 82' lang='lat' dir='ltr'><em>accidit.</em></span> <span class='ocrx_word' id='word_1_208' title='bbox 830 3666 896 3738; x_wconf 85' lang='lat' dir='ltr'><em>Sed</em></span> <span class='ocrx_word' id='word_1_209' title='bbox 929 3663 1015 3737; x_wconf 85' lang='lat' dir='ltr'><em>illud</em></span> <span class='ocrx_word' id='word_1_210' title='bbox 1045 3659 1214 3734; x_wconf 86' lang='lat' dir='ltr'><em>monendi</em></span> 
     </span>
     <span class='ocr_line' id='line_1_29' title="bbox 233 3776 1317 3879; baseline -0.008 -16"><span class='ocrx_word' id='word_1_211' title='bbox 233 3777 310 3863; x_wconf 83' lang='lat' dir='ltr'><em>sunt</em></span> <span class='ocrx_word' id='word_1_212' title='bbox 336 3786 475 3863; x_wconf 83' lang='lat' dir='ltr'><em>studiofi</em></span> <span class='ocrx_word' id='word_1_213' title='bbox 507 3788 631 3862; x_wconf 84' lang='lat' dir='ltr'><em>horum</em></span> <span class='ocrx_word' id='word_1_214' title='bbox 662 3787 852 3879; x_wconf 84' lang='lat' dir='ltr'><em>literarum,</em></span> <span class='ocrx_word' id='word_1_215' title='bbox 883 3809 928 3859; x_wconf 88' lang='lat' dir='ltr'><em>ne</em></span> <span class='ocrx_word' id='word_1_216' title='bbox 949 3782 1102 3859; x_wconf 87' lang='lat' dir='ltr'><em>eundem</em></span> <span class='ocrx_word' id='word_1_217' title='bbox 1130 3805 1216 3856; x_wconf 89' lang='lat' dir='ltr'><em>cum</em></span> <span class='ocrx_word' id='word_1_218' title='bbox 1314 3776 1317 3782; x_wconf 72' lang='grc'><em>’</em></span> 
     </span>
    </p>
   </div>
   <div class='ocr_carea' id='block_1_3' title="bbox 0 0 1394 4710">
    <p class='ocr_par' dir='ltr' id='par_1_9' title="bbox 0 0 1394 4710">
     <span class='ocr_line' id='line_1_30' title="bbox 0 0 1394 4710; baseline 0 0"><span class='ocrx_word' id='word_1_219' title='bbox 0 0 1394 4710; x_wconf 95' lang='lat' dir='ltr'><em> </em></span> 
     </span>
    </p>
   </div>
  </div>
 </body>
</html>
