2796 4724
334 351 641 422 Aunnnrvu
682 342 887 420 L1n.111.
1064 373 1131 449 ¹59

151 520 210 599 sed
236 524 272 598 in
294 527 446 624 fingulos
464 525 624 599 homines
640 526 718 598 latae
736 517 963 621 qufaestiones:
995 528 1029 597 δι
1056 552 1132 601 cor·

148 646 337 744 ruptilfimal
354 647 533 744 republical
551 644 709 743 plurimae
727 647 833 742 leges.

199 769 372 841 XXVIII.
410 769 506 840 Tum
523 769 590 840 Cn.
607 765 800 862 Pompeius
828 763 970 837 tertium
1000 763 1133 857 consul,

148 885 363 987 corrigendis
381 888 538 961 moribus
556 887 724 977 delectus,
753 884 942 984 &gravior
958 886 1132 977 remediis,
1192 895 1195 899 ’

53 1037 56 1042 ‘
149 1009 257 1106 quam
285 1009 414 1083 delicta
447 1029 559 1106 erant2
596 1007 808 1104 suarumque
854 1008 975 1105 legum
1012 1009 1134 1080 audior

144 1130 240 1205 idem
273 1156 330 1204 ac·
346 1127 541 1220 subversor,
575 1155 655 1227 quae
687 1127 793 1200 armis
825 1128 1001 1218 tuebatur,
1027 1128 1131 1202 armis

149 1252 273 1325 amisit.
325 1250 420 1325 Exin
443 1249 611 1325 continua
633 1275 695 1346 per
719 1248 845 1347 viginti
870 1274 980 1352 annos
1001 1247 1132 1322 discor-

148 1371 231 1444 dia:
264 1397 337 1470 non
365 1398 456 1462 mos,
483 1397 554 1444 non
571 1368 652 1470 jus:
686 1368 870 1442 deterrima
895 1395 1048 1467 quaeque
1064 1371 1131 1445 im-

149 1491 268 1589 pune3
296 1518 336 1565 ac
362 1495 473 1567 multa
499 1491 642 1565 honesta
658 1490 766 1563 exitio
782 1488 888 1562 fuere.
937 1492 1044 1564 Sexto
1068 1494 1130 1565 de·

150 1639 251 1692 mum
279 1611 461 1687 consulatu
485 1611 600 1687 caesar
624 1610 820 1710 Augustus,
847 1611 1011 1708 potentiae
1035 1609 1131 1706 secu·
1182 1649 1185 1656 s

21 1723 31 1730 ’
73 1768 81 1774 ·
147 1759 219 1825 rus,
253 1761 333 1833 quae
358 1734 579 1808 triumviratu
599 1732 753 1833 jullerat,
796 1731 976 1804 abolevit:
1014 1732 1129 1806 dedit·

148 1855 217 1954 que
245 1853 340 1953 jura,
366 1858 446 1955 quls
464 1882 550 1954 pace
567 1859 600 1928 δι
617 1841 778 1951 Principe
795 1873 998 1927 uteremur:
1022 1855 1129 1929 acrio-

146 2000 185 2048 ra
210 2002 255 2073 ex
281 2002 324 2050 eo
351 1977 481 2069 vincla,
508 1976 612 2050 inditi
638 1974 813 2066 custodes,
851 1979 885 2048 δι
915 1976 993 2074 lege
1022 1975 1130 2075 Papia

145 2088 298 2195 Poppaeal
315 2098 466 2196 praemiis
478 2097 626 2188 inducti,
644 2118 697 2189 ut,
724 2100 782 2171 sra
798 2089 990 2206 privilegiis
1007 2125 1131 2197 paren-

142 2230 221 2292 tum
250 2223 447 2312 cessaretur,
486 2220 584 2294 velut
616 2245 740 2317 parens
776 2217 938 2292 omnium
977 2224 1130 2320 populus

144 2321 302 2417 vacantia
319 2362 475 2416 teneret:
505 2340 563 2414 sed
581 2340 683 2414 altius
695 2342 944 2439 penetrabant3
971 2343 1130 2414 Urbem·

144 2487 226 2559 que,
254 2466 288 2534 δι
317 2462 471 2552 ltaliam,
512 2466 545 2534 ἃ
576 2464 673 2560 quod
695 2460 842 2559 usquam
868 2461 1015 2552 civium,
1050 2488 1127 2535 cor·

144 2581 345 2677 ripuerant:
377 2578 641 2681 multorumque
664 2582 767 2657 excisi
801 2583 922 2674 status,
952 2586 986 2655 u
1020 2603 1130 2655 terror

85 2753 88 2757 ,
145 2700 309 2774 omnibus
325 2700 581 2790 intentabatur3
612 2704 647 2777 ni
675 2704 838 2778 Tiberius
867 2702 1050 2777 statuendo
1075 2729 1127 2777 re-

143 2821 278 2912 medio,
300 2822 458 2923 quinque
471 2822 717 2916 consularium,
732 2825 888 2924 quinque
903 2850 927 2898 ve
945 2823 1125 2923 praetoriis,

145 2941 293 3015 totidem
328 2970 348 3017 e
388 2966 503 3018 cetero
534 2944 651 3019 senatu
691 2945 779 3021 sorte
812 2945 987 3036 duxisset:
1031 2946 1125 3043 apud

125 3088 233 3161 ¹quos
260 3062 405 3139 exsoluti
431 3066 588 3165 plerique
615 3068 702 3167 legis
726 3064 850 3160 nexus,
876 3067 1060 3142 modicum
1089 3065 1128 3138 in

144 3182 288 3283 praesens
318 3187 558 3260 levamentum
582 3187 690 3263 fuere.
792 3204 793 3207 ’
836 3244 837 3249 1
951 3278 956 3288 Ι

193 3307 334 3380 XXIX.
359 3309 441 3381 PER
470 3307 564 3382 idem
591 3331 730 3410 tempus
758 3313 940 3385 Neronem
963 3335 983 3381 e
1009 3307 1126 3382 liberis

141 3427 341 3501 Germanici
360 3426 437 3525 jam
450 3446 452 3449 ’
467 3429 656 3529 ingressum
672 3430 872 3531 juventam,
897 3430 1125 3503 commenda·
1142 3526 1144 3530 v
1185 3419 1186 3422 ¹

141 3548 192 3620 vit
210 3547 365 3645 patribus
377 3579 388 3636 ;
422 3570 532 3648 utque
571 3559 760 3627 “munere
782 3552 978 3650 capessendi
1008 3551 1124 3651 vigin-

141 3675 168 3710 “
187 3669 344 3745 tiviratns
361 3662 572 3763 solveretur,
604 3677 637 3746 &
678 3674 919 3773 quinquennio
942 3675 1122 3766 maturius,

143 3796 170 3831 “
189 3792 297 3888 quim
318 3818 380 3890 per
396 3794 513 3891 leges,
538 3793 746 3890 quaesturam
766 3798 938 3894 peteret,”
955 3822 1038 3869 non
1055 3798 1124 3867 fine
