2760 4718
337 359 658 431 ‘Auuasrusr
689 352 802 426 er.
838 336 902 424 IV.
1049 376 1118 453 235

145 531 314 632 triumphi
330 531 476 630 adeptus
490 531 550 606 est.
592 528 741 604 Obiit&
759 531 805 601 L.
823 524 1011 616 Antonius,
1028 528 1119 602 mul·

34 683 38 688 ·
144 657 178 727 ts
199 653 401 727 claritudine
419 631 574 751 generis,
599 651 658 724 sed
686 647 919 747 improspera:
946 673 1029 720 nam
1059 673 1120 745 pa.

143 793 195 847 tre
209 773 294 874 ejus,
322 776 406 870 Julo
423 772 594 862 Antonio,
614 773 662 845 ob
678 770 888 843 adulterium
906 767 1009 865 Juliae
1027 794 1120 842 mor-

113 941 118 956 ι
141 913 177 968 te
194 894 331 992 punito,
358 894 452 968 hunc
472 895 669 967 admodum
693 886 1002 978 adolescentulum,
1028 886 1121 964 soro-

142 1016 185 1089 ris
202 1039 382 1114 nepotem,
408 1011 554 1112 seposuit
580 1013 759 1115 Augustus
775 1011 813 1084 in
828 1011 1007 1085 civitatem
1024 1010 1120 1085 Mas·

142 1136 326 1226 {iliensem,
340 1136 402 1208 ubi
414 1133 524 1233 specie
540 1134 734 1207 studiorum
752 1124 882 1206 nornen
901 1131 1008 1205 exsilii
1025 1151 1127 1231 tegea

144 1277 249 1330 retur.
301 1255 454 1330 Habitus
482 1275 599 1328 tamen
625 1252 791 1352 supremis
819 1255 955 1326 honor:
983 1254 1124 1352 ossaque

144 1378 283 1450 tumulo
299 1369 528 1451 Odaviorum
545 1376 662 1466 inlata,
691 1399 763 1473 per-
777 1375 958 1447 decretum
975 1372 1121 1448 senatus.
1163 1378 1167 1388 '

193 1500 310 1571 XLV.
334 1500 478 1572 lrsnam
496 1495 713 1586 consulibus,
732 1493 864 1568 facinus
878 1515 991 1586 atrox,
1018 1496 1054 1567 in
1072 1496 1121 1569 ci·
1219 1482 1223 1489 ¹

143 1618 268 1693 teriore
297 1617 482 1716 Hispania,
517 1618 704 1691 admissum
734 1642 756 1689 a
789 1617 944 1715 quodam
974 1616 1133 1715 agreste,

144 1740 293 1813 nationis
309 1739 562 1813 Termestinae:
591 1738 619 1813 is
638 1757 822 1836 praetorem
848 1737 1049 1837 provinciae,
1075 1741 1122 1813 L.

80 1958 82 1961 .
143 1859 318 1952 Pisonem,
345 1886 432 1959 pace
461 1858 684 1950 incuriosum,
710 1884 755 1932 ex
787 1857 977 1956 improviso
1002 1860 1039 1933 in
1067 1860 1122 1935 iti·

142 2009 224 2057 nere
244 1985 400 2074 adortus,
438 2008 511 2056 uno
546 1983 689 2055 vulnere
718 1981 753 2054 in
786 2002 938 2055 mortem
967 1979 1120 2056 adfecit:

140 2128 182 2178 ac
207 2104 409 2202 pernicitate
437 2100 519 2201 equi
541 2101 721 2202 profugus,
749 2103 933 2201 postquam
960 2101 1137 2178 saltuosos

140 2226 235 2299 locos
251 2225 427 2325 attigerat,
450 2222 594 2297 dimisso
616 2250 723 2323 equ0,
750 2251 813 2321 per
829 2223 970 2321 dirupta
986 2232 1021 2299 ὅτ
1045 2224 1124 2298 avia

139 2346 319 2446 sequentes
342 2345 520 2420 frustratus
547 2345 620 2418 est:
648 2370 764 2442 neque
785 2343 850 2417 diu
865 2342 1011 2417 fefellit:
1039 2371 1123 2418 narn

132 2465 310 2565 *prehenso
325 2466 504 2562 ductoque
522 2468 584 2562 per
609 2466 789 2565 proximos
807 2490 917 2564 pagos
934 2488 1041 2563 equo,
1060 2473 1121 2538 cu·

42 2671 45 2677 .
134 2586 192 2686 jus
213 2585 302 2658 soret
335 2584 542 2683 cognitum:
571 2591 604 2661 &
630 2605 801 2686 repertus,
827 2587 910 2660 clun
938 2584 1123 2659 tormentis

141 2706 243 2780 edere
271 2703 424 2780 conscios
448 2706 658 2806 adigeretur,
684 2733 773 2782 voce
802 2711 943 2807 magna,
969 2705 1124 2780 sermone

143 2826 270 2924 patrio,
288 2834 317 2871 “
335 2826 459 2901 frustra
475 2827 508 2901 se
526 2829 754 2928 interrogari'²
770 2827 985 2902 clamitavit:
1015 2835 1042 2870 “
1059 2827 1122 2900 ad·

143 2955 171 2992 “
191 2947 340 3020 sisterent
371 2947 452 3021 socii
482 2975 522 3022 ac
544 2949 760 3047 speslarent:
788 2949 921 3022 nullam
944 2947 1019 3021 vim
1047 2969 1122 3021 tan·

143 3073 172 3118 “
189 3086 264 3141 tam
281 3068 409 3141 doloris
421 3068 509 3160 fore,
535 3090 573 3143 ut
591 3069 773 3165 veritatem
789 3069 963 3142 el‘iceretss'
1003 3069 1122 3142 Idem·

140 3213 211 3287 que
238 3188 321 3262 edm
358 3187 494 3286 postero
531 3191 576 3262 ad
607 3190 846 3289 quaesrtionem
880 3193 1121 3280 retraheretur,

138 3306 274 3382 eonisu
291 3307 513 3407 proripuisse
529 3297 745 3403 custodibus,
771 3311 923 3410 saxoque
939 3330 1043 3407 caput
1060 3311 1123 3383 ad·

144 3427 253 3520 flixit,
278 3429 450 3504 utstatim
468 3431 730 3508 exanimaretur.
761 3437 848 3507 ,Sed
877 3432 954 3507 Piso
979 3433 1128 3504 Terme-

136 3549 307 3626 stinorum
329 3551 415 3623 dolo
454 3552 560 3626 caesus
600 3555 773 3630 habetur:
815 3553 877 3654 qui
905 3553 1068 3654 pecunias
1101 3578 1123 3626 e

136 3657 283 3770 publico
306 3670 526 3770 interceptas,
563 3675 689 3771 acrius,
716 3677 825 3777 quam
858 3696 897 3750 ut
931 3677 1119 3750 tolerarent

135 3795 286 3888 barbari,
314 3796 477 3902 cogebat.
