2676 4732
200 312 295 431 '314
434 330 1024 404 econamum

222 514 249 551 “
267 508 379 605 eoque
404 505 525 606 sugere
555 509 654 581 simul
677 509 754 581 ada
786 511 820 580 δι
852 505 1050 579 instantia.”
1100 508 1201 582 Hae'c

219 629 307 704 vatis
325 629 361 702 in
379 629 528 702 modum
552 628 725 718 diffissus,
751 652 858 700 venas
875 624 1025 700 resolvit.
1073 629 1193 702 Docu'

220 768 341 822 mento
368 747 543 845 sequentia
577 760 693 838 erunt,
723 749 813 821 bene
842 746 1049 820 Arruntium
1082 769 1200 821 morte

219 868 331 943 usum.
382 867 561 943 Albucilla
586 868 692 942 inrito
720 867 791 940 istu
816 895 839 942 a
866 865 973 941 semet
1002 868 1197 961 vulnerata,

213 989 307 1088 jullu
333 988 465 1061 senatus
493 988 531 1060 in
555 1013 731 1063 carcerem
747 986 863 1061 sertur.
912 988 1111 1084 Stuprotum
1123 985 1198 1086 ejus

219 1107 375 1196 ministri,
413 1107 639 1186 “Carsidius
667 1108 848 1198 Sacerdos,
874 1104 1068 1205 praestorius,
1090 1127 1129 1179 us
1157 1107 1197 1182 in

222 1238 249 1272 ‘⁴
268 1226 413 1302 insulam
439 1227 701 1323 deportaretur3
735 1229 881 1302 Pontius
909 1228 1132 1326 Fregellanus
1160 1255 1198 1302 a·

157 1387 161 1404 ·
220 1357 248 1397 “
268 1347 418 1425 mitteret
438 1347 596 1422 ordinem
615 1346 849 1424 senatorium:
877 1352 911 1422 &
929 1348 1062 1421 eaedern
1080 1372 1193 1445 poenae

221 1479 248 1513 “
268 1470 303 1543 in
325 1467 477 1542 Laelium
505 1469 679 1544 Balbum''
705 1471 962 1544 decernuntur:
988 1467 1026 1540 id
1052 1468 1195 1566 quidem

218 1617 241 1668 a
268 1588 479 1678 laetautibus,
503 1589 584 1687 quia
609 1591 738 1664 Balbus
765 1589 854 1664 truci
870 1588 1067 1686 eloquentia
1089 1591 1196 1668 habe-

220 1713 335 1798 batur,
364 1728 547 1807 promptus
567 1710 757 1789 adversum
782 1709 942 1786 insontes.

268 1832 404 1911 XLIX.
430 1832 572 1909 Irsuuru
589 1829 714 1904 diebus
738 1831 818 1903 Sex.
835 1830 1001 1929 Papinius
1024 1831 1194 1906 consulari

219 1949 365 2042 familis,
394 1950 664 2049 repentinum&
683 1950 871 2026 informem
898 1953 1034 2027 exitum
1051 1952 1195 2050 delegit,

212 2068 306 2170 jado
322 2070 360 2144 in
376 2096 531 2170 praeceps
543 2097 710 2169 corpore:
735 2071 834 2146 causa
858 2075 903 2145 ad
932 2094 1080 2147 matrem
1105 2071 1196 2145 refe-

216 2192 371 2282 rebatur,
399 2217 480 2289 quae
507 2192 648 2290 pridem
676 2190 866 2288 repudiata,
899 2189 1197 2265 adsentationibus

217 2333 325 2411 atquo
353 2314 442 2392 luxu
472 2313 670 2410 perpulisset
692 2309 859 2411 juvenem
886 2311 931 2383 ad
957 2334 1012 2400 ea,
1039 2332 1206 2404 quorume

216 2433 391 2531 effugium
407 2458 479 2509 non
496 2431 557 2506 nist
575 2451 686 2507 morte
702 2431 883 2507 inveniret.
914 2429 1026 2529 Igitur
1036 2425 1196 2510 musam

167 2599 168 2602 =
213 2552 255 2627 in
272 2552 404 2644 senatu,
418 2577 634 2651 quamquam
650 2577 764 2650 genua
781 2565 920 2649 patmm
935 2551 1192 2637 advolveretur,

197 2676 247 2721 '¹‘
265 2674 470 2770 ludumque
495 2698 737 2762 communem,
772 2677 807 2746 &
839 2669 950 2771 magis
977 2668 1195 2745 imbecillum

218 2793 325 2870 “tali
350 2790 558 2890 super'casu
588 2788 797 2870 feminarum
827 2790 1023 2880 animum,'’
1056 2787 1195 2885 aliaque

216 2913 256 2987 in
272 2914 438 2993 eumdem
454 2913 614 2993 dolorem
632 2911 764 3002 maesta,
790 2915 824 2986 dr
841 2909 1031 2985 miseranda
1044 2908 1107 2982 diu
1122 2906 1191 2981 ser-

215 3055 281 3124 ret‚
305 3034 408 3108 Urbe
428 3053 549 3115 tamen
574 3031 611 3106 in
638 3033 762 3106 decem
790 3056 899 3105 annos
926 3028 1102 3129 prohibita
1129 3028 1192 3116 est,

214 3155 329 3235 donec
358 3151 472 3226 minor
502 3151 594 3226 filius
618 3151 790 3228 lubricum
813 3149 969 3248 juventae
991 3148 1109 3225 exiret.

263 3276 310 3353 L.
336 3275 421 3367 Jam
452 3270 637 3346 Tiberium
658 3297 797 3371 corpus,
818 3269 894 3370 jam
911 3269 1012 3360 vires,
1033 3268 1193 3342 nondum
1246 3292 1248 3296 ’

214 3391 437 3472 dissimulatio
468 3390 657 3474 deserebat.
707 3391 808 3467 Idem
834 3390 943 3465 animi
970 3389 1090 3488 rigor:
1125 3387 1192 3462 set·

215 3534 323 3593 mone
356 3538 396 3587 ac
430 3512 531 3585 vultu
549 3511 714 3602 intentus,
733 3514 871 3610 quaefits
888 3508 1062 3585 interdum
1080 3506 1190 3584 comi-

213 3647 299 3718 tate,
330 3630 493 3724 quamvis
525 3630 740 3706 manifestam
765 3629 998 3705 desedionem
1023 3632 1184 3728 tegebat:

215 3745 424 3861 mutatisque
440 3749 561 3848 sapius
588 3749 687 3844 loeis,
716 3752 858 3827 tandem
874 3752 968 3851 apud
984 3730 1189 3848 pronosim.
1238 3817 1243 3825 ,
