2760 4718
367 367 662 437 Auunrrun
702 363 811 435 er.
845 362 890 433 V.
1048 351 1117 459 269

145 539 265 631 noscit,
290 536 441 612 solertius
467 538 729 637 interrogatum
761 535 963 636 “quisnam
990 535 1116 629 soret,’'

146 661 282 748 dixin,
310 665 337 700 u
356 661 414 731 M.
442 658 556 731 suano
585 657 783 756 genuum?
813 662 846 731 a
876 656 992 729 mutus
1015 640 1133 732 sena

77 838 80 851 .
144 800 262 852 torum
287 777 438 876 dilapsis,
472 777 655 851 ascendisse
680 802 819 866 navem,
846 796 1025 873 tamquam
1049 779 1118 868 Ita·

144 885 229 972 liam
261 917 413 995 peteret:
455 895 650 995 scripsitque
682 897 758 969 haec
789 894 960 969 Tiberio:
1003 922 1118 996 neque

145 1045 208 1093 nos
233 1017 407 1116 originem
423 1019 576 1091 finemve
591 1014 664 1114 ejus
680 1014 729 1088 rei
751 1016 843 1089 ultra
860 1002 1105 1113 comperimus.
1202 1101 1203 1104 Ἴ

193 1139 259 1213 XI.
286 1139 418 1211 Exrru
444 1136 539 1227 anni,
560 1137 623 1210 diu
639 1138 739 1210 aucta
754 1134 922 1208 discordia
938 1135 1118 1210 consulum

50 1324 54 1328 ,
145 1257 280 1354 erupit:
307 1281 389 1332 nam
417 1255 519 1346 Trio,
546 1254 655 1329 facilis
682 1255 891 1353 capessendis
917 1254 1116 1347 inimicitiis,

150 1383 184 1451 δι
203 1376 278 1451 soro
299 1374 483 1466 exercitus,
511 1383 537 1418 “
556 1395 595 1448 ut
617 1373 755 1474 segnem
778 1377 959 1474 Regulum
983 1377 1027 1448 ad
1052 1403 1117 1475 op·

149 1506 178 1542 “
197 1497 396 1597 primendos
412 1493 523 1593 Sejani
547 1494 743 1568 ministros’'
767 1495 909 1594 oblique
933 1495 1118 1594 perstrinx-

148 1625 177 1663 “
194 1638 283 1694 erat:
310 1616 382 1708 ille,
412 1616 471 1689 nisr
499 1616 722 1705 lacesseretur,
753 1614 927 1689 modestiae
956 1615 1117 1709 retinens,

89 1737 93 1745 ’
147 1764 219 1812 non
235 1737 343 1811 modo
359 1736 484 1811 retudit
501 1737 686 1833 collegam,
704 1733 759 1807 sed
779 1741 807 1777 “
822 1755 861 1807 ut
873 1733 1017 1809 noxium
1034 1762 1117 1810 con-

146 1864 177 1902 “
189 1856 394 1956 jurationis”
416 1859 461 1930 ad
476 1853 745 1952 disquisitionem
762 1855 928 1928 trahebat.
977 1854 1117 1930 Multis·

150 2005 219 2078 que
236 1998 374 2082 patmm
391 1975 580 2066 orantibus,
612 1981 640 2018 “
658 1996 827 2073 ponerent
846 1974 926 2054 odia
951 1974 988 2047 in
1004 1960 1116 2075 pemi.

150 2107 177 2144 “
195 2099 285 2174 ciem
302 2097 427 2187 itura‚''
450 2095 609 2168 mansere
625 2092 743 2170 infenfi
760 2121 800 2174 ac
816 2094 1024 2189 minitantes,
1053 2100 1116 2172 do·

146 2244 211 2294 nec
235 2217 430 2320 magistratu
452 2214 598 2291 abirent.
