2834 4732
347 333 657 404 Aruantnnt
690 331 801 406 Lta.
826 331 873 406 11.
922 365 923 368 ¹
1072 365 1140 442 129

161 506 266 582 sexte
281 504 429 606 legionis
446 524 590 605 peteret,
625 480 736 606 qubd‘
751 532 830 582 earn
854 503 1010 581 maxitne
1041 513 1144 591 novis

160 627 305 705 confiliis
328 626 494 702 idoneam
517 631 669 720 rebatur,
692 655 714 703 a
735 626 891 703 Pacuvio
913 628 1030 727 legato
1054 658 1142 730 prae.

159 749 307 827 venitur.
357 751 400 824 ld
417 750 553 825 Sentius
569 749 685 826 Pisoni
702 776 764 849 per
779 748 893 825 literas
908 749 1034 850 aperit,
1061 778 1141 829 mo·

156 893 288 971 netque
318 879 348 915 “
362 898 408 947 ne
437 872 556 947 castra·
572 874 849 971 corruptoribus,
884 895 930 946 ne
965 873 1143 969 provinci-

159 1000 188 1040 “
200 1021 261 1069 am
296 995 390 1069 bello
422 1013 531 1070 tentet
545 995 582 1067 :’'
620 992 777 1093 qudsque
817 991 1019 1068 Germanici
1063 1023 1139 1071 me·

156 1142 285 1209 mores,
304 1136 362 1190 aut
379 1112 527 1190 inimicis
543 1112 615 1213 ejus
630 1113 790 1188 adversos
807 1136 1038 1212 cognoverat,
1056 1143 1141 1192 con·

86 1310 98 1319 ,
155 1236 273 1329 trabit,
296 1236 578 1337 magnitudinem
600 1233 824 1334 Imperatoris
846 1233 1053 1311 idemtidem
1074 1237 1136 1313 'in-

155 1383 293 1457 gerens,
312 1362 345 1430 &
370 1355 667 1454 “rempublicam
695 1355 799 1454 armis
816 1355 888 1452 peti
904 1356 941 1429 :”
975 1357 1144 1459 ducitque

156 1478 310 1554 validam
338 1461 503 1569 manum,¹
521 1483 556 1552 dc
586 1477 712 1576 proelio
745 1497 910 1573 paratam.
1200 1461 1202 1473 Ι

204 1602 363 1676 LXXX.
401 1603 489 1674 Nnc
518 1601 627 1690 Piso,
657 1624 874 1698 quamquam
902 1620 1022 1696 coepta
1044 1599 1141 1678 secus

156 1720 355 1825 cadebant,
382 1721 497 1796 onusrt
536 1721 699 1795 tutiffima
740 1743 760 1793 e
799 1717 1047 1817 presentibus:
1081 1721 1141 1798 sed

104 1933 113 1941 ‚
155 1846 334 1920 castellum
350 1843 485 1918 Ciliciae
498 1843 676 1935 munitum
693 1843 905 1934 admodum,
926 1842 984 1919 cui
1007 1866 1139 1919 nomen

83 2032 88 2047 Ι
155 1965 349 2058 Celendn's,
380 1984 542 2064 occupat.
593 1966 690 2038 Nam
712 1963 879 2038 admixtis
895 1963 1138 2057 desertoribus,

50 2129 53 2134 ·
151 2089 189 2161 ἃ
213 2087 327 2161 tirone
352 2065 465 2185 nupei
498 2086 706 2184 intercepto,
741 2082 874 2185 suisque
901 2086 1137 2162 &Plancinae
1260 2176 1263 2183 k

152 2206 311 2301 servitiis,
328 2207 460 2283 auxilia
471 2207 641 2298 Cilicum,
661 2234 743 2306 quae
757 2207 881 2308 reguli
903 2205 1079 2298 miserant,
1103 2208 1139 2284 in
1216 2282 1217 2285 ,

133 2343 337 2405 ἠυωεωηι
352 2329 503 2430 legionis
520 2327 772 2427 composuerat.
824 2336 852 2372 “
869 2326 1077 2428 Caesarisque
1104 2328 1139 2402 se

59 2469 62 2474 ·
152 2458 180 2499 “
197 2453 379 2550 legatum'’
403 2450 594 2524 testabatur
624 2457 652 2493 “
666 2448 859 2548 provincial,
888 2473 996 2546 quam
1019 2448 1048 2523 is
1076 2451 1137 2524 de·
1185 2468 1187 2471 ’

151 2578 179 2619 “
197 2572 313 2662 disset,
336 2571 455 2662 arceri,
485 2597 596 2644 nona
613 2570 811 2670 legionibus
838 2572 977 2667 (mmm
1003 2570 1137 2669 quippe

40 2682 43 2685 ⁵
154 2690 315 2767 “accitu
344 2691 482 2787 venire)
520 2689 579 2766 sed
601 2718 624 2766 a
647 2692 780 2783 Sentio,
816 2690 994 2790 privatum
1014 2691 1137 2766 odium

153 2818 182 2858 “
199 2811 287 2886 salsis
315 2813 519 2889 criminibus
535 2833 702 2913 tegente:
733 2813 956 2888 consisterent
984 2812 1020 2885 in
1048 2813 1136 2903 acie,

154 2938 184 2975 “
202 2959 273 3006 non
292 2935 495 3033 pugnaturis
512 2935 697 3024 militibus,
723 2933 785 3009 ubi
806 2929 969 3006 Pisonem
990 2936 1036 3007 ab
1059 2932 1137 3030 ipsis

121 3082 127 3096 “
151 3060 180 3096 “
192 3069 357 3152 parentem
374 3048 556 3153 quondam
578 3057 810 3154 appellatum,
829 3052 943 3154 sijure
960 3075 1135 3154 ageretur,

152 3179 180 3219 “
199 3174 388 3272 potiorem,
414 3179 437 3249 st
460 3175 578 3267 armis,
603 3204 675 3250 non
696 3174 906 3265 invalidum,
940 3173 1137 3248 vidissent.”

152 3296 252 3368 Tum
282 3322 347 3394 pro
372 3296 601 3372 munimentis
632 3295 762 3372 castelli
796 3295 995 3393 manipulos
1023 3293 1135 3392 expli·

148 3436 219 3507 cat,
238 3419 330 3492 colle
345 3420 455 3493 arduo
473 3425 507 3494 δι
524 3421 700 3518 dempto;
725 3444 808 3492 nam
822 3440 934 3493 cetera
951 3414 1038 3491 mari
1061 3415 1135 3489 cin-

149 3558 294 3635 guntur.
346 3541 478 3614 Contra
509 3539 676 3629 veterani,
702 3539 885 3614 ordinibus
906 3567 947 3614 ac
979 3536 1135 3612 subfidiis

148 3656 327 3735 instructi:
352 3661 436 3735 hinc
453 3646 627 3752 militum,
647 3662 731 3735 inde
759 3662 919 3736 locorum
946 3658 1131 3759 asperitas:

146 3776 204 3856 sed
235 3809 307 3858 non
331 3782 484 3876 animus,
525 3807 598 3857 non
616 3780 706 3882 spes,
746 3809 791 3859 ne
811 3786 881 3859 tela
906 3784 1052 3886 quidem
1074 3778 1133 3856 nio

591 3984 601 3993 ,
659 3903 694 3980 K
