2760 4718
251 302 342 382 ι,63
463 301 505 376 C.
544 300 810 374 Conuccu
851 300 1053 378 Tnctrr

142 514 145 527 ·
272 472 477 555 minentium
513 471 723 571 intelligens,
764 473 880 571 puella
912 472 999 546 adeo
1036 471 1165 567 nescia,
1212 496 1257 552 ut

270 594 391 674 crebro
417 594 652 692 interrogaret,
681 599 709 635 “
734 593 833 691 quod
846 593 895 675 ob
918 592 1099 684 delibum,
1122 598 1158 669 δι
1175 597 1258 694 qub

272 723 299 762 ‘⁴
318 716 524 794 traheretur?
552 739 665 810 neque
681 711 847 788 saturam
869 713 1000 802 ultra,''
1026 718 1076 804 a,
1103 716 1133 755 “
1151 719 1258 814 posse

272 843 300 886 “
314 835 348 911 se
365 833 488 934 puerili
502 836 647 907 verbere
673 832 845 906 moneri.''
892 833 1056 907 Tradunt
1080 838 1256 933 temporis

237 1012 238 1017 ,
270 954 341 1055 ejus
367 957 534 1044 auctores,
561 960 588 996 “
607 952 688 1052 quia
718 951 924 1031 triumvirali
955 950 1125 1051 supplicio
1154 957 1255 1033 affici

271 1074 491 1174 “virginem
517 1073 712 1149 inauditum
728 1075 933 1165 habebatur,
962 1074 1173 1165 acarnisice,
1196 1077 1254 1152 la·

269 1202 299 1243 “
316 1192 568 1295 queumjuxta,
586 1195 836 1292 compressamt
855 1193 937 1271 exin
947 1194 1060 1274 oblisrs
1072 1194 1251 1289 faucibus,

158 1318 164 1322 ”
272 1317 357 1391 “id
376 1316 483 1390 aetatis
505 1319 650 1412 corpora
671 1314 709 1387 in
723 1313 911 1388 Gemonias
932 1312 1099 1412 abjecta?

184 1460 190 1469 ’
270 1440 272 1449 ²
319 1438 366 1511 X.
391 1439 471 1510 Pan
495 1435 589 1508 idem
614 1440 752 1532 t'empus
782 1438 863 1509 Asta
889 1455 994 1532 atque
1024 1436 1158 1511 Achaia
1181 1462 1249 1515 ex·

272 1555 503 1646 territatum,
532 1555 603 1634 acri
620 1554 746 1654 magis,
769 1556 878 1655 quim
907 1555 1073 1632 diuturno
1088 1582 1247 1649 rumore,

194 1766 195 1769 Ἴ
270 1686 300 1722 “
318 1677 483 1767 Drusum,
517 1676 711 1752 Germanici
735 1677 862 1767 filium,
894 1677 987 1774 apud
1003 1678 1172 1773 Cycladas
1189 1677 1249 1751 in-

272 1805 299 1841 “
317 1797 417 1888 sulas,
435 1824 520 1872 mox
536 1798 573 1873 in
589 1797 779 1872 continenti
797 1796 907 1873 visum
917 1799 953 1871 :''
969 1801 1009 1887 ,δι
1026 1817 1097 1871 erat
1104 1795 1247 1896 juvenis

270 1919 365 1994 haud
392 1917 515 2015 dispari
542 1938 654 2008 atate,
694 1917 899 2015 quibusdam
928 1916 1065 1991 Caesaris
1098 1918 1245 2012 libertis,

270 2040 367 2115 velut
386 2037 535 2136 agnitus,
562 2065 623 2136 per
639 2039 831 2135 dolumque
847 2035 1102 2115 comitantibus.
1151 2039 1247 2111 Alli·

269 2158 447 2236 ciebantur
472 2157 583 2257 ignari
600 2157 693 2234 sama
709 2157 868 2247 nominis,
897 2162 931 2229 δι
955 2144 1125 2252 promptis
1141 2160 1245 2232 Grae-

186 2367 189 2374 ,
262 2268 391 2355 'corum
418 2278 541 2358 animis
565 2281 610 2360 ad
638 2306 731 2354 nova
756 2284 788 2355 δι
814 2276 919 2385 mira:
945 2275 1074 2374 quippe
1097 2282 1125 2319 “
1142 2264 1241 2375 elap-

174 2441 176 2446 ·
270 2399 391 2474 “sum
413 2399 618 2490 custodiam,
645 2425 788 2497 pergere
808 2399 852 2472 ad
879 2408 1037 2495 paternos
1053 2395 1243 2490 exercitus,

271 2527 300 2564 “
317 2521 517 2619 AEgyptum
553 2539 612 2594 aut
644 2519 775 2617 Syriam
808 2517 1027 2592 invasurum”
1061 2520 1244 2617 fingebant

270 2643 383 2732 fimul,
417 2640 682 2738 credebantque.
740 2642 821 2735 Jam
841 2636 1036 2736 juventutis
1063 2632 1244 2731 concursu,

192 2810 193 2813 =
262 2759 337 2860 jam
370 2758 517 2858 publicis
543 2757 661 2833 studiis
696 2755 989 2857 frequentabatur,
1023 2762 1123 2834 laetus
1157 2787 1244 2860 prae·

103 2949 109 2973 ,
157 2947 183 2955 ..
267 2879 418 2955 sentibus
435 2885 468 2954 δι
488 2879 641 2952 inanium
653 2878 734 2976 spe;
760 2881 843 2954 cum
861 2879 1017 2953 auditum
1034 2878 1071 2953 id
1086 2882 1247 2979 Poppaeo

266 2992 428 3078 sabino(
453 3000 487 3075 ls
514 2999 734 3103 Macedonia
765 3018 843 3074 turn
859 2998 1035 3090 intentus,
1070 3000 1244 3077 Achaiam

268 3144 409 3219 quoque
426 3110 584 3193 curabat.
632 3120 756 3217 Igitur,
786 3119 858 3218 qub
883 3144 964 3197 vera
987 3119 1044 3195 seu
1072 3118 1153 3193 falsa
1180 3148 1244 3197 an·

268 3241 378 3332 teiret,
399 3238 619 3333 Toronaeum
635 3240 929 3339 Thermaeumque
947 3244 1058 3313 finum
1080 3238 1243 3336 praefesti-

269 3386 368 3450 nans,
398 3385 484 3436 mox
513 3362 699 3454 Euboeam,
728 3358 848 3458 AEgaei
877 3359 981 3435 maris
1008 3359 1169 3452 insulam,
1206 3365 1243 3435 ὅτ

263 3478 442 3554 «Piraeum
458 3480 586 3554 Atticae
607 3505 689 3570 orae,
707 3479 788 3553 dein
804 3479 1039 3555 Corinthiense
1056 3480 1147 3566 litus,
1176 3507 1241 3553 an-

269 3596 459 3697 gustiasque
475 3599 594 3674 Isthmi
606 3599 742 3673 evadit:
762 3601 918 3699 marique
933 3600 1002 3676 alio
1019 3600 1241 3696 Nicopolim,

268 3721 468 3799 Romanam
494 3718 680 3810 coloniam,
702 3718 884 3820 ingressus,
908 3720 957 3795 ibi
984 3722 1128 3797 demum
1149 3743 1240 3821 cog·
