2752 4748
296 332 345 420 64
457 329 497 401 C.
530 297 810 400 Conuenit
845 256 1064 401 Tnc1ri

355 505 525 579 LXXVI.
566 505 711 576 Eouam
751 528 843 577 anno
893 503 1066 576 continuis
1105 502 1275 581 imbribus

295 627 414 702 audus
427 623 581 714 Tiberis,
613 627 715 722 plana
736 625 832 698 urbis
849 624 1088 723 stagnaverat:
1117 627 1274 702 relaben-

293 764 366 818 tem
383 743 499 819 secuta
528 746 577 818 est
601 745 885 826 aedificiorum&
917 744 1101 819 hominum
1129 746 1274 845 strages.

190 884 193 889 '
293 866 405 965 Igitur
425 865 556 941 censuit
578 866 716 940 Afinius
745 867 881 957 Gallus,
911 874 990 940 “ut
1008 867 1093 977 libri
1114 866 1275 963 Sibyllini

295 994 323 1030 “
342 988 516 1061 adirentur
531 989 568 1061 :''
593 986 706 1063 renuit
717 987 896 1077 Tiberius,
911 987 1056 1084 perinde
1069 987 1189 1063 divina
1206 991 1273 1062 hu·

292 1135 466 1208 manaque
483 1112 675 1208 obtegens:
698 1106 758 1181 sed
780 1108 975 1182 remedium
1000 1109 1182 1215 coJc'rcendi
1206 1114 1273 1185 flu-

292 1216 397 1304 minis
415 1230 519 1303 Ateio
535 1213 713 1327 Capitoni,
744 1234 776 1302 &
802 1232 847 1304 L.
868 1231 1038 1306 Arruntio
1057 1231 1274 1305 mandatum.
1315 1249 1342 1337 '-

292 1351 466 1424 Achaiam
488 1378 528 1427 ac
554 1349 803 1424 Macedoniam
833 1376 939 1425 onera
966 1351 1204 1447 deprecantes,
1225 1353 1274 1424 le·

292 1459 367 1544 vari
399 1471 435 1560 in
469 1470 615 1570 praesens
649 1465 881 1568 proconsulari
919 1471 1081 1569 imperio,
1116 1471 1274 1568 tradique

291 1591 416 1667 Caesari
433 1593 575 1691 placuit.
627 1593 784 1666 Edendis
801 1592 1063 1691 gladiatoribus,
1088 1594 1274 1693 quos‘Ger·

292 1713 419 1787 manici
448 1712 558 1787 fratris
587 1739 628 1784 ac
660 1710 720 1786 suo
744 1714 888 1786 nomine
916 1716 1103 1804 obtulerat,
1141 1712 1274 1788 Drusus

293 1827 465 1931 praesedit,
505 1859 722 1931 quamquam
760 1833 822 1906 vili
858 1834 1026 1932 sanguine
1062 1833 1166 1913 nimis
1189 1862 1274 1935 gau-

157 1930 159 1943 *
264 1956 400 2027 dens:
437 1954 534 2051 quod
559 1954 685 2050 vulgus
709 1951 988 2041 formidolosum,
1030 1959 1064 2026 δι
1091 1976 1191 2051 pater
1219 1983 1275 2030 ar·

291 2074 400 2173 guille
422 2074 602 2147 dicebatur
617 2068 642 2143 ε’
658 2097 720 2144 cur
743 2071 941 2144 abstinuerit
967 2071 1162 2169 speetaculo
1187 2075 1274 2172 ipse,

290 2193 384 2269 varie
400 2195 582 2269 trahebant
598 2221 608 2278 3
639 2191 694 2264 alii
712 2186 817 2266 taedio
835 2191 960 2281 coetbs,
980 2189 1126 2289 quidam,
1139 2192 1275 2276 tristitia

290 2315 435 2415 ingenii,
464 2313 500 2386 &
529 2334 626 2387 metu
653 2308 943 2406 comparationis,
972 2311 1052 2409 quia
1089 2315 1274 2412 Augustus

290 2437 437 2512 comiter
464 2434 674 2514 interfuiffet.
736 2432 821 2505 Non
850 2431 1059 2506 crediderim
1088 2435 1133 2507 ad
1158 2435 1274 2509 osten·
1343 2529 1346 2535 ¹

262 2560 435 2641 'tandam
452 2555 641 2656 'saevitiarm
670 2551 930 2650 movendasque
960 2553 1080 2652 populi
1113 2556 1274 2634 offenfio·

292 2709 366 2771 nes,
403 2681 597 2754 concellum
641 2676 715 2752 filio
748 2673 952 2750 materiem:
990 2702 1210 2776 quamquam
1238 2679 1275 2760 id

292 2829 436 2902 quoque
451 2801 586 2875 diuum
604 2799 664 2874 est.

203 2965 211 2983 ι
327 2923 517 2996 LXXVII.
537 2926 596 2994 Ar
617 2944 794 2994 rnunrnr
813 2918 954 2993 licentia
967 2919 1133 3016 proximo
1147 2920 1266 3018 priore

290 3070 384 3117 anno
398 3064 529 3140 coepta,
554 3042 694 3140 gravius
710 3063 787 3115 tum
801 3040 925 3138 erupit,
939 3040 1058 3115 occifis
1076 3067 1149 3117 non
1166 3042 1274 3117 modd

188 3259 191 3264 4
289 3192 309 3239 e
327 3167 443 3263 plebe,
462 3163 519 3242 sed
540 3163 709 3241 militibus
728 3167 760 3237 δι
780 3161 995 3252 centurione,
1014 3165 1196 3236 vulnerato
1212 3161 1273 3235 tri.

202 3266 233 3285 *
291 3289 388 3358 buno
414 3282 588 3382 praetoriae
615 3283 781 3372 cohortis,
811 3284 899 3356 dum
927 3285 1056 3380 probra
1085 3282 1123 3362 in
1161 3283 1274 3383 magi-

288 3405 412 3495 stratus
445 3410 479 3478 δι
509 3403 750 3478 distensionem
766 3403 867 3502 vulgi
886 3402 1086 3501 prohibent.
1137 3406 1273 3477 Actum

290 3525 335 3596 de
362 3527 400 3596 ed
423 3523 591 3598 seditione
618 3524 711 3621 apud
743 3545 868 3622 patres,
898 3524 1173 3621 dicebanturque
1197 3521 1273 3596 sen-

290 3641 420 3730 tentiae,
457 3648 534 3716 “ut
561 3645 764 3741 praetoribus
781 3643 840 3743 jus
863 3644 1043 3744 virgarum
1068 3645 1103 3717 in
1134 3643 1274 3717 histrio·

292 3772 318 3809 “
338 3787 397 3836 nes
415 3762 495 3835 esset
512 3764 549 3834 :''
579 3763 760 3838 intercessit
792 3765 961 3841 Haterius
984 3764 1144 3864 Agrippa
1160 3765 1272 3840 tribu-
