2512 4680
363 292 673 425 nuntiarum
700 351 816 426 L1n.
841 348 903 426 VI.
1103 375 1173 458 291

187 529 421 631 patefaciens:
460 531 705 630 interrogatur,
747 537 846 605 “an
886 528 984 613 suam
1030 502 1176 632 quoque

188 651 423 753 “genitalem
448 655 572 726 horam
599 651 831 751 comperilset,
857 675 965 749 quern
998 667 1075 723 tum
1108 680 1172 728 an·

186 780 216 818 “
232 799 333 864 num,
352 775 493 874 qualem
511 774 607 848 diem
625 775 768 875 haberet
784 774 825 846 ?''
856 773 920 846 llle
936 774 1065 869 positus
1083 774 1171 848 fide·

183 915 276 986 rum,
317 921 357 969 ac
388 894 495 994 spatia
524 893 715 985 dimensus,
755 895 888 967 haerere
915 888 1046 991 primd,
1082 894 1170 990 dein

184 1014 381 1114 pavescere,
411 1022 461 1107 tc,
491 1017 665 1114 quantitm
693 1012 964 1113 introspicerets
980 1011 1093 1111 magis
1128 1041 1170 1089 ae

183 1135 297 1234 magis
314 1136 474 1234 trepidus
491 1136 728 1211 admirationis
762 1139 796 1209 δι
830 1137 959 1227 metus,
978 1223 979 1226 Ἴ
995 1134 1170 1233 postremo

184 1258 373 1347 exclamat,
420 1264 448 1300 “
466 1259 676 1357 ambiguum
706 1258 767 1333 fibi
795 1284 835 1332 ac
865 1255 972 1355 prope
1000 1255 1170 1331 ultimum

185 1377 415 1452 “discrimen
445 1378 606 1453 instare.'’
654 1381 754 1453 Tum
772 1380 981 1477 complexus
999 1403 1081 1451 eum
1102 1376 1168 1452 Ti·

184 1500 315 1591 berius,
352 1499 572 1598 “praescium
600 1501 848 1602 periculorum,
884 1503 918 1572 &
951 1499 1182 1574 incolumem

185 1627 214 1664 “
231 1619 329 1695 fore’'
368 1642 542 1720 gratarum
578 1647 729 1721 quaeque
747 1623 906 1711 dixerat,
935 1620 1065 1694 oraculi
1092 1620 1170 1695 vice

185 1741 372 1839 accipiens,
399 1742 486 1815 inter
503 1742 647 1816 intimos
664 1742 858 1816 amicorum
875 1761 980 1817 tenet.
1192 1730 1198 1738 ’

244 1864 364 1937 XXII.
401 1864 478 1936 San
505 1863 593 1936 mihi
622 1865 712 1953 haec,
742 1889 782 1937 ac
816 1863 899 1936 talia
926 1862 1097 1953 audienti,
1131 1863 1169 1936 in

184 1982 317 2057 incerto
337 1981 514 2082 judicium
531 1984 594 2076 est,
612 1981 731 2059 fatone
747 2010 800 2059 res
818 1985 1022 2060 mortalium
1047 1991 1081 2059 tc
1107 2009 1169 2058 ne·

183 2106 331 2179 ceffitate
358 2105 586 2196 immutabili,
612 2131 658 2178 an
683 2103 770 2179 forte}
789 2109 1004 2182 volvantur:
1037 2108 1170 2208 quippe

182 2224 440 2323 sapientillimos
468 2245 643 2317 veterum,
671 2223 805 2325 quique
830 2226 958 2300 sectam
984 2212 1105 2302 eorum
1122 2255 1168 2302 ae·

182 2347 372 2436 mulantur,
390 2346 543 2420 diversos
559 2346 720 2444 te'peries,
746 2372 787 2420 ac
804 2345 921 2419 multis
938 2344 1073 2421 insuam
1090 2348 1168 2446 opi-

182 2465 340 2557 nionem,
376 2473 491 2539 “non
512 2466 611 2541 initia
637 2467 757 2556 nostrl,
783 2491 855 2539 non
873 2466 997 2556 finem,
1015 2469 1166 2542 nonde.

185 2585 340 2684 “nique
367 2586 528 2660 homines
568 2586 634 2662 diis
672 2613 777 2662 curae.
838 2578 924 2660 ldeo
956 2589 1168 2663 creberrime

184 2705 341 2779 “tristia
368 2705 407 2779 in
445 2709 571 2799 bonos,
598 2710 677 2782 laeta
704 2711 798 2807 apud
825 2706 1010 2783 deteriores
1043 2713 1111 2786 elle
1126 2713 1168 2784 ?”
1201 2725 1206 2728 “

184 2827 317 2900 Contra
349 2827 421 2919 alii,
458 2835 487 2872 “
500 2825 610 2903 fatum
636 2830 782 2928 quidem
808 2855 1002 2929 congruere
1024 2834 1168 2925 rebus,”
1194 2874 1197 2877 -

184 2965 322 3043 putant,
352 2956 380 2992 “
403 2945 461 3021 sed
491 2974 562 3022 non
591 2976 611 3033 e
639 2950 739 3050 vagis
770 2950 888 3043 stellis,
915 2952 1039 3027 verum
1071 2955 1168 3051 apud

184 3073 214 3111 “
234 3066 420 3166 principia,
457 3072 492 3141 δε
534 3089 644 3144 nexus
692 3062 901 3147 naturalium
941 3071 1167 3149 causarum:”

180 3212 222 3261 ac
241 3209 359 3262 tamen
386 3195 414 3231 “
432 3189 638 3266 clodionem
666 3193 773 3268 vitae'’
799 3194 900 3269 nobis
934 3194 1138 3292 relinquunt
1152 3227 1164 3286 ;

184 3313 340 3407 “quam
367 3310 429 3383 ubi
456 3311 614 3410 elegeris,
650 3335 787 3390 certum
819 3316 1080 3391 imminentium
1109 3344 1165 3390 or·

183 3433 214 3471 “
231 3423 378 3503 dinem:
417 3456 532 3530 neque
562 3435 667 3525 mala,
710 3439 766 3510 vel
800 3440 908 3528 bona,
936 3442 1015 3535 quae
1038 3440 1166 3539 vulgus

182 3555 213 3592 “
232 3568 353 3648 putet:
384 3552 529 3642 multos,
552 3553 614 3650 qui
634 3556 823 3633 conflitlari
845 3560 993 3632 adversis
1020 3560 1166 3635 videan-

184 3675 213 3713 “
231 3691 303 3762 tur,
329 3672 473 3759 beat0s;
494 3688 538 3751 a'c
566 3673 760 3773 plerosque,
786 3706 1001 3779 quamquam
1020 3704 1166 3781 magnas

185 3794 214 3832 “
231 3817 294 3890 Per
312 3816 412 3891 Opes,
438 3788 672 3868 miserrimos:
699 3799 722 3869 sr
751 3798 801 3872 illi
827 3826 970 3898 gravem
988 3803 1164 3876 fortunam

640 3915 679 3988 U
705 3942 726 3988 a
