2760 4718
248 302 319 393 246
482 299 524 372 C.
549 298 788 372 Conunirr
813 299 1000 375 Tncrrr

247 478 313 553 trial
334 496 470 553 careret.
520 480 614 552 Mox
640 477 752 574 patuit
783 481 891 552 breve
913 476 1107 552 confinium
1135 476 1234 568 artis,

250 603 284 672 δι
302 598 391 684 salli3
418 622 571 694 veraque
594 598 701 694 quam
721 596 872 672 obscuris
896 618 1119 696 tegerentur:
1147 622 1236 671 nam

244 720 284 802 in
300 722 438 793 Urbem
468 745 539 792 non
568 719 812 815 regressurum,
840 720 935 791 haud
957 717 1042 791 sorte
1064 717 1233 792 dietum:

245 860 441 914 ceterorum
467 837 570 923 nescii
589 822 707 937 egere,
731 840 813 913 cum
831 840 1031 937 propinquo
1050 864 1140 927 rure,
1171 859 1239 912 aut

245 960 360 1052 litore,
402 966 436 1034 δι
471 959 560 1056 saepe
595 960 725 1032 moenia
758 961 867 1033 Urbis
906 960 1076 1050 adsidens,
1115 978 1237 1032 extre·

248 1106 343 1155 mam
372 1079 544 1155 senesiam
577 1080 818 1177 compleverit.

301 1204 402 1276 LIX.
431 1207 490 1276 Ae
524 1226 648 1276 roura
680 1199 747 1274 illis
774 1201 898 1275 diebus
924 1204 1085 1276 oblatum
1110 1197 1237 1276 Caesari
1350 1268 1353 1276 .

242 1347 374 1420 ,anceps
408 1324 616 1420 periculum,
650 1320 747 1394 auxit
777 1348 866 1394 vana
892 1322 1062 1396 rumoris:
1097 1323 1235 1421 praebu·

246 1443 346 1543 itque
372 1443 434 1541 ipss
465 1442 658 1533 materiem,
685 1468 748 1516 cur
774 1441 935 1516 amicitiae
965 1442 1236 1541 constantiaeque

247 1562 360 1663 Sejani
388 1565 500 1663 magis
528 1565 658 1637 fideret.
707 1562 944 1637 Vescebantur
980 1562 1016 1636 iu
1045 1564 1141 1653 villa,
1176 1562 1235 1637 cui

248 1687 464 1780 vocabulum
476 1687 650 1782 Speluncae,
665 1710 761 1758 mare
778 1685 1019 1787 Amuclanum
1039 1684 1126 1758 inter
1137 1685 1236 1756 Fun·

247 1804 425 1900 danosque
443 1787 593 1892 montes,
620 1803 740 1885 nativo
758 1805 793 1877 in
815 1803 943 1902 specu:
972 1804 1044 1904 ejus
1062 1831 1115 1896 os,
1134 1805 1237 1901 lapsis

246 1925 388 2018 repente
422 1922 522 2010 saxis,
558 1924 675 1995 obruit
710 1922 879 2019 quosdam
913 1925 1106 2001 ministros:
1149 1926 1235 2000 hinc

245 2061 360 2114 metus
387 2040 423 2111 in
445 2064 582 2127 omnes,
615 2038 755 2137 &suga
772 2067 908 2131 eorum,
941 2044 1002 2142 qui
1027 2046 1254 2121 convivium.

244 2156 475 2233 celebrabant.
525 2155 665 2254 Sejanus
693 2183 800 2255 genu,
830 2161 1016 2257 vultuque,
1054 2168 1088 2236 δι
1118 2165 1234 2238 mani·
1281 2202 1283 2205 ·

54 2366 57 2369 ¹
245 2282 312 2353 bus
333 2277 433 2375 super
448 2275 618 2352 Caesarem
646 2276 837 2376 suspensus,
862 2280 1026 2376 opposuit
1052 2279 1118 2358 sese
1141 2281 1232 2369 inci-

21 2426 40 2479 f
137 2494 140 2499 ἱ
245 2397 435 2474 dentibus:
463 2420 568 2496 atque
591 2398 712 2473 habitu
733 2399 793 2481 tali
818 2422 972 2501 repertus
997 2401 1093 2475 cll-a
1110 2401 1232 2476 militi-

246 2523 328 2613 bu's,
363 2520 424 2620 qui
457 2518 604 2617 subsidio
637 2542 814 2596 venerant.
880 2519 1001 2623 Major
1028 2551 1073 2599 ex
1101 2551 1168 2612 eo;
1198 2530 1234 2607 δε

201 2633 206 2642 ’
247 2667 465 2741 quamquam
488 2640 630 2716 exitiosa
654 2640 824 2732 suaderet,
849 2663 889 2718 ut
917 2670 989 2717 non
1017 2644 1068 2720 sul
1093 2645 1234 2738 anxius,

248 2789 333 2839 cum
366 2764 436 2853 lide
478 2763 691 2838 audiebatur.
758 2765 1074 2863 Adfimulabatque
1100 2763 1234 2863 judicis

248 2898 362 2984 partes
388 2876 554 2958 'adversus
580 2883 788 2958 ‚Germanici
815 2883 970 2983 stirpem,
1000 2884 1142 2977 subditis
1171 2887 1235 2986 qui

181 3035 182 3039 ¹
246 3003 484 3079 accusatorum
515 3003 658 3078 nomina
684 3003 895 3097 sustinerent,
925 3006 1151 3108 maximeque
1180 3008 1234 3083 ins

248 3123 456 3216 sedarentur
486 3125 681 3215 Neronem,
714 3126 920 3225 proximum
950 3127 1159 3218 successioni,
1198 3133 1234 3207 dc

248 3272 465 3345 quamquam
497 3246 654 3319 modesti
679 3243 842 3344 juventi,
874 3249 1083 3347 plerumque
1115 3270 1234 3326 tamen

198 3354 201 3365 ’
249 3368 336 3463 quid
353 3369 388 3441 in
413 3364 667 3466 'praesentiarum
684 3368 892 3441 conduceret
914 3369 1083 3458 oblitum;
1110 3372 1236 3456 duma

138 3505 147 3520 ‘
248 3487 426 3559 libertis&
447 3487 644 3579 clientibus,
670 3486 863 3586 apiscendae
883 3490 1045 3586 potentiae
1064 3490 1231 3588 properis,

246 3604 501 3698 exstimulatur,
539 3615 567 3651 “
590 3629 636 3681 >ut
670 3611 823 3683 ereetum
857 3615 891 3684 δι
924 3592 1092 3686 fidentem
1121 3606 1231 3684 animi

217 3725 219 3729 ’
250 3733 278 3770 “
294 3724 509 3821 ostenderet:
538 3730 629 3823 vele
656 3728 695 3814 id
719 3729 893 3829 populum.
914 3733 1141 3823 Romanum
1169 3754 1234 3824 rue.
