<?xml version="1.0" encoding="UTF-8"?>
<!DOCTYPE html PUBLIC "-//W3C//DTD XHTML 1.0 Transitional//EN"
    "http://www.w3.org/TR/xhtml1/DTD/xhtml1-transitional.dtd">
<html xmlns="http://www.w3.org/1999/xhtml" xml:lang="en" lang="en">
 <head>
  <title>
</title>
<meta http-equiv="Content-Type" content="text/html;charset=utf-8" />
  <meta name='ocr-system' content='tesseract 3.04.00' />
  <meta name='ocr-capabilities' content='ocr_page ocr_carea ocr_par ocr_line ocrx_word'/>
</head>
<body>
  <div class='ocr_page' id='page_1' title='image "./ccorneliitaciti00freigoog_0016.png"; bbox 0 0 2776 4724; ppageno 0'>
   <div class='ocr_carea' id='block_1_1' title="bbox 73 317 1209 3087">
    <p class='ocr_par' dir='ltr' id='par_1_1' title="bbox 73 317 1209 1523">
     <span class='ocr_line' id='line_1_1' title="bbox 1031 317 1127 369; baseline 0.031 -3"><span class='ocrx_word' id='word_1_1' title='bbox 1031 344 1032 349; x_wconf 65' lang='lat'>,</span> <span class='ocrx_word' id='word_1_2' title='bbox 1090 317 1127 369; x_wconf 79' lang='lat'>11</span> 
     </span>
     <span class='ocr_line' id='line_1_2' title="bbox 146 425 1126 559; baseline -0.009 -22"><span class='ocrx_word' id='word_1_3' title='bbox 146 456 243 538; x_wconf 82' lang='lat' dir='ltr'>usum</span> <span class='ocrx_word' id='word_1_4' title='bbox 273 460 360 535; x_wconf 90' lang='lat' dir='ltr'>mihi</span> <span class='ocrx_word' id='word_1_5' title='bbox 389 425 693 559; x_wconf 76' lang='lat' dir='ltr'>inipetraret31sed</span> <span class='ocrx_word' id='word_1_6' title='bbox 721 458 805 533; x_wconf 85' lang='lat' dir='ltr'>nihil</span> <span class='ocrx_word' id='word_1_7' title='bbox 833 458 967 532; x_wconf 87' lang='lat' dir='ltr'>efficere</span> <span class='ocrx_word' id='word_1_8' title='bbox 996 455 1126 554; x_wconf 86' lang='lat' dir='ltr'>potuit,</span> 
     </span>
     <span class='ocr_line' id='line_1_3' title="bbox 73 576 1209 679; baseline -0.012 -23"><span class='ocrx_word' id='word_1_9' title='bbox 73 582 79 606; x_wconf 66' lang='lat'>⁴</span> <span class='ocrx_word' id='word_1_10' title='bbox 146 607 227 656; x_wconf 86' lang='lat' dir='ltr'>curn</span> <span class='ocrx_word' id='word_1_11' title='bbox 245 607 327 655; x_wconf 86' lang='lat' dir='ltr'>eum</span> <span class='ocrx_word' id='word_1_12' title='bbox 345 582 484 679; x_wconf 83' lang='lat' dir='ltr'>reperiri</span> <span class='ocrx_word' id='word_1_13' title='bbox 502 609 522 656; x_wconf 89' lang='lat' dir='ltr'>a</span> <span class='ocrx_word' id='word_1_14' title='bbox 546 582 579 656; x_wconf 89' lang='lat' dir='ltr'>se</span> <span class='ocrx_word' id='word_1_15' title='bbox 596 582 740 679; x_wconf 81' lang='lat' dir='ltr'>potuiffe</span> <span class='ocrx_word' id='word_1_16' title='bbox 757 600 912 679; x_wconf 79' lang='lat' dir='ltr'>negaret,</span> <span class='ocrx_word' id='word_1_17' title='bbox 931 576 992 675; x_wconf 91' lang='lat' dir='ltr'>qui</span> <span class='ocrx_word' id='word_1_18' title='bbox 1008 602 1127 650; x_wconf 88' lang='lat' dir='ltr'>curam</span> <span class='ocrx_word' id='word_1_19' title='bbox 1202 629 1209 642; x_wconf 90' lang='lat'><strong>.</strong></span> 
     </span>
     <span class='ocr_line' id='line_1_4' title="bbox 145 695 1128 797; baseline -0.007 -22"><span class='ocrx_word' id='word_1_20' title='bbox 145 702 369 777; x_wconf 74' lang='lat' dir='ltr'>Bibliotheca</span> <span class='ocrx_word' id='word_1_21' title='bbox 387 705 501 776; x_wconf 86' lang='lat' dir='ltr'>habet.</span> <span class='ocrx_word' id='word_1_22' title='bbox 543 705 654 796; x_wconf 85' lang='lat' dir='ltr'>Fama</span> <span class='ocrx_word' id='word_1_23' title='bbox 668 700 774 775; x_wconf 90' lang='lat' dir='ltr'>etiam</span> <span class='ocrx_word' id='word_1_24' title='bbox 791 700 970 797; x_wconf 90' lang='lat' dir='ltr'>quondam</span> <span class='ocrx_word' id='word_1_25' title='bbox 996 695 1059 770; x_wconf 89' lang='lat' dir='ltr'>fuit</span> <span class='ocrx_word' id='word_1_26' title='bbox 1081 696 1128 769; x_wconf 90' lang='lat' dir='ltr'>de</span> 
     </span>
     <span class='ocr_line' id='line_1_5' title="bbox 146 819 1127 921; baseline -0.008 -24"><span class='ocrx_word' id='word_1_27' title='bbox 146 823 279 897; x_wconf 85' lang='lat' dir='ltr'><strong>Codice</strong></span> <span class='ocrx_word' id='word_1_28' title='bbox 294 823 439 920; x_wconf 86' lang='lat' dir='ltr'>antiquo</span> <span class='ocrx_word' id='word_1_29' title='bbox 455 823 583 913; x_wconf 88' lang='lat' dir='ltr'>Taciti,</span> <span class='ocrx_word' id='word_1_30' title='bbox 615 823 675 921; x_wconf 93' lang='lat' dir='ltr'>qui</span> <span class='ocrx_word' id='word_1_31' title='bbox 701 823 903 918; x_wconf 86' lang='lat' dir='ltr'>Bambergae</span> <span class='ocrx_word' id='word_1_32' title='bbox 927 819 1127 893; x_wconf 87' lang='lat' dir='ltr'>servaretur.</span> 
     </span>
     <span class='ocr_line' id='line_1_6' title="bbox 147 938 1125 1040; baseline -0.007 -23"><span class='ocrx_word' id='word_1_33' title='bbox 147 944 214 1017; x_wconf 86' lang='lat' dir='ltr'>Sed</span> <span class='ocrx_word' id='word_1_34' title='bbox 231 945 354 1016; x_wconf 90' lang='lat' dir='ltr'>Franc.</span> <span class='ocrx_word' id='word_1_35' title='bbox 373 942 534 1032; x_wconf 71' lang='lat' dir='ltr'>Modius,</span> <span class='ocrx_word' id='word_1_36' title='bbox 565 969 586 1016; x_wconf 91' lang='lat' dir='ltr'>a</span> <span class='ocrx_word' id='word_1_37' title='bbox 603 943 722 1040; x_wconf 86' lang='lat' dir='ltr'>Lipfio</span> <span class='ocrx_word' id='word_1_38' title='bbox 734 942 780 1015; x_wconf 94' lang='lat' dir='ltr'>de</span> <span class='ocrx_word' id='word_1_39' title='bbox 792 967 835 1015; x_wconf 90' lang='lat' dir='ltr'>eo</span> <span class='ocrx_word' id='word_1_40' title='bbox 857 938 1043 1028; x_wconf 87' lang='lat' dir='ltr'>consultus,</span> <span class='ocrx_word' id='word_1_41' title='bbox 1073 963 1125 1010; x_wconf 91' lang='lat' dir='ltr'>re-</span> 
     </span>
     <span class='ocr_line' id='line_1_7' title="bbox 148 1056 1128 1161; baseline -0.005 -25"><span class='ocrx_word' id='word_1_42' title='bbox 148 1061 275 1159; x_wconf 78' lang='lat' dir='ltr'>scripsit</span> <span class='ocrx_word' id='word_1_43' title='bbox 299 1065 363 1159; x_wconf 90' lang='lat' dir='ltr'>(T.</span> <span class='ocrx_word' id='word_1_44' title='bbox 386 1089 415 1135; x_wconf 88' lang='lat'>1.</span> <span class='ocrx_word' id='word_1_45' title='bbox 435 1064 582 1136; x_wconf 74' lang='lat' dir='ltr'>collect.</span> <span class='ocrx_word' id='word_1_46' title='bbox 612 1088 668 1161; x_wconf 88' lang='lat' dir='ltr'>ep.</span> <span class='ocrx_word' id='word_1_47' title='bbox 688 1066 806 1136; x_wconf 88' lang='lat' dir='ltr'>Burm.</span> <span class='ocrx_word' id='word_1_48' title='bbox 825 1087 859 1158; x_wconf 89' lang='lat' dir='ltr'>p.</span> <span class='ocrx_word' id='word_1_49' title='bbox 883 1061 982 1157; x_wconf 78' lang='lat'><strong>107.)</strong></span> <span class='ocrx_word' id='word_1_50' title='bbox 1008 1056 1128 1132; x_wconf 79' lang='lat' dir='ltr'>falsam</span> 
     </span>
     <span class='ocr_line' id='line_1_8' title="bbox 147 1179 1128 1281; baseline -0.003 -25"><span class='ocrx_word' id='word_1_51' title='bbox 147 1182 243 1257; x_wconf 84' lang='lat' dir='ltr'>illam</span> <span class='ocrx_word' id='word_1_52' title='bbox 261 1184 389 1259; x_wconf 85' lang='lat' dir='ltr'>famam</span> <span class='ocrx_word' id='word_1_53' title='bbox 408 1187 489 1275; x_wconf 79' lang='lat' dir='ltr'>effe,</span> <span class='ocrx_word' id='word_1_54' title='bbox 516 1184 786 1281; x_wconf 87' lang='lat' dir='ltr'>necquicquam</span> <span class='ocrx_word' id='word_1_55' title='bbox 810 1181 858 1254; x_wconf 90' lang='lat' dir='ltr'>ibi</span> <span class='ocrx_word' id='word_1_56' title='bbox 886 1179 1041 1278; x_wconf 86' lang='lat' dir='ltr'>reperiri,</span> <span class='ocrx_word' id='word_1_57' title='bbox 1067 1182 1128 1253; x_wconf 82' lang='lat' dir='ltr'>nist</span> 
     </span>
     <span class='ocr_line' id='line_1_9' title="bbox 149 1302 1187 1401; baseline 0 -25"><span class='ocrx_word' id='word_1_58' title='bbox 149 1329 274 1401; x_wconf 88' lang='lat' dir='ltr'>paucas</span> <span class='ocrx_word' id='word_1_59' title='bbox 302 1304 455 1379; x_wconf 85' lang='lat' dir='ltr'>elibello</span> <span class='ocrx_word' id='word_1_60' title='bbox 472 1305 517 1378; x_wconf 91' lang='lat' dir='ltr'>de</span> <span class='ocrx_word' id='word_1_61' title='bbox 539 1305 696 1378; x_wconf 89' lang='lat' dir='ltr'>moribus</span> <span class='ocrx_word' id='word_1_62' title='bbox 721 1306 979 1376; x_wconf 87' lang='lat' dir='ltr'>Germanorum</span> <span class='ocrx_word' id='word_1_63' title='bbox 1004 1302 1132 1445; x_wconf 72' lang='lat' dir='ltr'>plagu·v</span> <span class='ocrx_word' id='word_1_64' title='bbox 1184 1314 1187 1317; x_wconf 74' lang='grc'><em>“</em></span> 
     </span>
     <span class='ocr_line' id='line_1_10' title="bbox 148 1424 798 1523; baseline -0.003 -25"><span class='ocrx_word' id='word_1_65' title='bbox 148 1425 211 1515; x_wconf 75' lang='lat' dir='ltr'>lat,</span> <span class='ocrx_word' id='word_1_66' title='bbox 241 1425 366 1522; x_wconf 85' lang='lat' dir='ltr'>easque</span> <span class='ocrx_word' id='word_1_67' title='bbox 383 1426 512 1499; x_wconf 86' lang='lat' dir='ltr'>recenti</span> <span class='ocrx_word' id='word_1_68' title='bbox 529 1452 634 1499; x_wconf 87' lang='lat' dir='ltr'>manu</span> <span class='ocrx_word' id='word_1_69' title='bbox 650 1424 798 1523; x_wconf 85' lang='lat' dir='ltr'>scriptas.</span> 
     </span>
    </p>

    <p class='ocr_par' dir='ltr' id='par_1_2' title="bbox 83 1542 1209 3087">
     <span class='ocr_line' id='line_1_11' title="bbox 198 1542 1128 1642; baseline -0.003 -23"><span class='ocrx_word' id='word_1_70' title='bbox 198 1545 310 1619; x_wconf 88' lang='lat' dir='ltr'>Multi</span> <span class='ocrx_word' id='word_1_71' title='bbox 330 1567 493 1642; x_wconf 84' lang='lat' dir='ltr'>praetetea</span> <span class='ocrx_word' id='word_1_72' title='bbox 508 1546 563 1619; x_wconf 92' lang='lat' dir='ltr'>alii</span> <span class='ocrx_word' id='word_1_73' title='bbox 581 1545 728 1620; x_wconf 88' lang='lat' dir='ltr'>Codices</span> <span class='ocrx_word' id='word_1_74' title='bbox 740 1546 855 1618; x_wconf 89' lang='lat' dir='ltr'>adhuc</span> <span class='ocrx_word' id='word_1_75' title='bbox 871 1542 1003 1618; x_wconf 85' lang='lat' dir='ltr'>latent</span> <span class='ocrx_word' id='word_1_76' title='bbox 995 1568 1030 1614; x_wconf 83' lang='lat' dir='ltr'>tn</span> <span class='ocrx_word' id='word_1_77' title='bbox 1047 1542 1128 1616; x_wconf 89' lang='lat' dir='ltr'>Bib-</span> 
     </span>
     <span class='ocr_line' id='line_1_12' title="bbox 150 1663 1129 1764; baseline -0.002 -25"><span class='ocrx_word' id='word_1_78' title='bbox 150 1663 324 1754; x_wconf 86' lang='lat' dir='ltr'>liothecis,</span> <span class='ocrx_word' id='word_1_79' title='bbox 354 1667 510 1739; x_wconf 90' lang='lat' dir='ltr'>nondum</span> <span class='ocrx_word' id='word_1_80' title='bbox 537 1666 715 1764; x_wconf 84' lang='lat' dir='ltr'>excerpti:</span> <span class='ocrx_word' id='word_1_81' title='bbox 752 1691 772 1739; x_wconf 88' lang='lat' dir='ltr'>e</span> <span class='ocrx_word' id='word_1_82' title='bbox 799 1663 939 1762; x_wconf 89' lang='lat' dir='ltr'>quibus,</span> <span class='ocrx_word' id='word_1_83' title='bbox 964 1689 1034 1736; x_wconf 84' lang='lat' dir='ltr'>nou</span> <span class='ocrx_word' id='word_1_84' title='bbox 1062 1665 1129 1737; x_wconf 89' lang='lat' dir='ltr'>du-</span> 
     </span>
     <span class='ocr_line' id='line_1_13' title="bbox 151 1783 1130 1885; baseline -0.003 -26"><span class='ocrx_word' id='word_1_85' title='bbox 151 1785 241 1873; x_wconf 92' lang='lat' dir='ltr'>bito,</span> <span class='ocrx_word' id='word_1_86' title='bbox 273 1786 357 1883; x_wconf 88' lang='lat' dir='ltr'>quin</span> <span class='ocrx_word' id='word_1_87' title='bbox 373 1787 502 1884; x_wconf 88' lang='lat' dir='ltr'>aliquid</span> <span class='ocrx_word' id='word_1_88' title='bbox 522 1789 622 1860; x_wconf 86' lang='lat' dir='ltr'>bonae</span> <span class='ocrx_word' id='word_1_89' title='bbox 651 1783 762 1885; x_wconf 81' lang='lat' dir='ltr'>frugis</span> <span class='ocrx_word' id='word_1_90' title='bbox 779 1784 897 1882; x_wconf 83' lang='lat' dir='ltr'>colligi</span> <span class='ocrx_word' id='word_1_91' title='bbox 927 1787 1037 1882; x_wconf 84' lang='lat' dir='ltr'>poffit.</span> <span class='ocrx_word' id='word_1_92' title='bbox 1088 1787 1130 1857; x_wconf 87' lang='lat' dir='ltr'>In</span> 
     </span>
     <span class='ocr_line' id='line_1_14' title="bbox 83 1905 1129 1982; baseline -0.005 0"><span class='ocrx_word' id='word_1_93' title='bbox 83 1936 84 1939; x_wconf 45' lang='lat'>¹</span> <span class='ocrx_word' id='word_1_94' title='bbox 148 1905 282 1982; x_wconf 79' lang='lat' dir='ltr'>Mssris</span> <span class='ocrx_word' id='word_1_95' title='bbox 307 1906 539 1981; x_wconf 71' lang='lat' dir='ltr'>Bibliotheca</span> <span class='ocrx_word' id='word_1_96' title='bbox 555 1907 729 1981; x_wconf 86' lang='lat' dir='ltr'>Mediceae</span> <span class='ocrx_word' id='word_1_97' title='bbox 757 1926 823 1980; x_wconf 85' lang='lat' dir='ltr'>tres</span> <span class='ocrx_word' id='word_1_98' title='bbox 848 1906 1129 1978; x_wconf 78' lang='lat' dir='ltr'>membranaceos</span> 
     </span>
     <span class='ocr_line' id='line_1_15' title="bbox 148 2026 1127 2126; baseline 0 -28"><span class='ocrx_word' id='word_1_99' title='bbox 148 2026 414 2099; x_wconf 82' lang='lat' dir='ltr'>commemorari</span> <span class='ocrx_word' id='word_1_100' title='bbox 430 2027 548 2117; x_wconf 90' lang='lat' dir='ltr'>video,</span> <span class='ocrx_word' id='word_1_101' title='bbox 567 2030 612 2100; x_wconf 88' lang='lat' dir='ltr'>ab</span> <span class='ocrx_word' id='word_1_102' title='bbox 624 2027 809 2126; x_wconf 86' lang='lat' dir='ltr'>antiquiori</span> <span class='ocrx_word' id='word_1_103' title='bbox 826 2027 900 2115; x_wconf 86' lang='lat' dir='ltr'>illo,</span> <span class='ocrx_word' id='word_1_104' title='bbox 914 2045 1018 2124; x_wconf 89' lang='lat' dir='ltr'>quem</span> <span class='ocrx_word' id='word_1_105' title='bbox 1031 2028 1127 2098; x_wconf 82' lang='lat' dir='ltr'>Lan·</span> 
     </span>
     <span class='ocr_line' id='line_1_16' title="bbox 148 2145 1130 2243; baseline 0 -25"><span class='ocrx_word' id='word_1_106' title='bbox 148 2147 377 2243; x_wconf 86' lang='lat' dir='ltr'>gobardicum</span> <span class='ocrx_word' id='word_1_107' title='bbox 396 2169 537 2239; x_wconf 86' lang='lat' dir='ltr'>vocant,</span> <span class='ocrx_word' id='word_1_108' title='bbox 567 2146 731 2240; x_wconf 87' lang='lat' dir='ltr'>diversos,</span> <span class='ocrx_word' id='word_1_109' title='bbox 760 2148 796 2219; x_wconf 88' lang='lat' dir='ltr'>in</span> <span class='ocrx_word' id='word_1_110' title='bbox 813 2149 1005 2243; x_wconf 84' lang='lat' dir='ltr'>pluteo&#39;68.</span> <span class='ocrx_word' id='word_1_111' title='bbox 1033 2145 1130 2243; x_wconf 91' lang='lat' dir='ltr'>apud</span> 
     </span>
     <span class='ocr_line' id='line_1_17' title="bbox 147 2267 1130 2366; baseline 0 -27"><span class='ocrx_word' id='word_1_112' title='bbox 147 2268 298 2339; x_wconf 87' lang='lat' dir='ltr'>eundem</span> <span class='ocrx_word' id='word_1_113' title='bbox 323 2267 648 2360; x_wconf 77' lang='lat' dir='ltr'>Montefaiconium</span> <span class='ocrx_word' id='word_1_114' title='bbox 681 2294 715 2364; x_wconf 88' lang='lat' dir='ltr'>p.</span> <span class='ocrx_word' id='word_1_115' title='bbox 737 2271 818 2366; x_wconf 83' lang='lat'><strong>374.</strong></span> <span class='ocrx_word' id='word_1_116' title='bbox 843 2294 864 2340; x_wconf 90' lang='lat' dir='ltr'>a</span> <span class='ocrx_word' id='word_1_117' title='bbox 893 2268 1021 2366; x_wconf 72' lang='lat' dir='ltr'>quibus</span> <span class='ocrx_word' id='word_1_118' title='bbox 1045 2286 1130 2363; x_wconf 91' lang='lat' dir='ltr'>puto</span> 
     </span>
     <span class='ocr_line' id='line_1_18' title="bbox 146 2385 1128 2487; baseline 0.006 -29"><span class='ocrx_word' id='word_1_119' title='bbox 146 2411 219 2459; x_wconf 86' lang='lat' dir='ltr'>non</span> <span class='ocrx_word' id='word_1_120' title='bbox 234 2385 386 2460; x_wconf 87' lang='lat' dir='ltr'>diversos</span> <span class='ocrx_word' id='word_1_121' title='bbox 403 2389 484 2478; x_wconf 82' lang='lat' dir='ltr'>effe,</span> <span class='ocrx_word' id='word_1_122' title='bbox 516 2415 604 2486; x_wconf 88' lang='lat' dir='ltr'>quos</span> <span class='ocrx_word' id='word_1_123' title='bbox 622 2389 775 2463; x_wconf 88' lang='lat' dir='ltr'>Pichena</span> <span class='ocrx_word' id='word_1_124' title='bbox 799 2389 980 2487; x_wconf 73' lang='lat' dir='ltr'>aliquoties</span> <span class='ocrx_word' id='word_1_125' title='bbox 1010 2390 1128 2464; x_wconf 88' lang='lat' dir='ltr'>laudat</span> 
     </span>
     <span class='ocr_line' id='line_1_19' title="bbox 151 2506 1132 2608; baseline 0.004 -29"><span class='ocrx_word' id='word_1_126' title='bbox 151 2506 187 2581; x_wconf 91' lang='lat' dir='ltr'>in</span> <span class='ocrx_word' id='word_1_127' title='bbox 204 2507 293 2581; x_wconf 90' lang='lat' dir='ltr'>notis</span> <span class='ocrx_word' id='word_1_128' title='bbox 321 2509 366 2580; x_wconf 88' lang='lat' dir='ltr'>ad</span> <span class='ocrx_word' id='word_1_129' title='bbox 383 2508 561 2582; x_wconf 85' lang='lat' dir='ltr'>Tacitum.</span> <span class='ocrx_word' id='word_1_130' title='bbox 612 2510 746 2608; x_wconf 83' lang='lat' dir='ltr'>Repeti</span> <span class='ocrx_word' id='word_1_131' title='bbox 763 2509 866 2584; x_wconf 88' lang='lat' dir='ltr'>etiam</span> <span class='ocrx_word' id='word_1_132' title='bbox 884 2537 905 2584; x_wconf 88' lang='lat' dir='ltr'>a</span> <span class='ocrx_word' id='word_1_133' title='bbox 919 2512 961 2582; x_wconf 91' lang='lat' dir='ltr'>P.</span> <span class='ocrx_word' id='word_1_134' title='bbox 977 2511 1132 2583; x_wconf 75' lang='lat' dir='ltr'>Victorio</span> 
     </span>
     <span class='ocr_line' id='line_1_20' title="bbox 147 2627 1130 2725; baseline 0.001 -22"><span class='ocrx_word' id='word_1_135' title='bbox 147 2627 330 2725; x_wconf 84' lang='lat' dir='ltr'>antiquum</span> <span class='ocrx_word' id='word_1_136' title='bbox 362 2629 533 2704; x_wconf 89' lang='lat' dir='ltr'>Codicem</span> <span class='ocrx_word' id='word_1_137' title='bbox 557 2630 673 2703; x_wconf 84' lang='lat' dir='ltr'>Taciti</span> <span class='ocrx_word' id='word_1_138' title='bbox 702 2632 877 2704; x_wconf 85' lang='lat' dir='ltr'>Venetum</span> <span class='ocrx_word' id='word_1_139' title='bbox 904 2630 1130 2705; x_wconf 79' lang='lat' dir='ltr'>Bibliothecae</span> 
     </span>
     <span class='ocr_line' id='line_1_21' title="bbox 147 2749 1131 2849; baseline -0.003 -27"><span class='ocrx_word' id='word_1_140' title='bbox 147 2751 181 2822; x_wconf 91' lang='lat' dir='ltr'>S.</span> <span class='ocrx_word' id='word_1_141' title='bbox 198 2749 313 2823; x_wconf 88' lang='lat' dir='ltr'>Marci</span> <span class='ocrx_word' id='word_1_142' title='bbox 330 2749 475 2840; x_wconf 83' lang='lat' dir='ltr'>laudari,</span> <span class='ocrx_word' id='word_1_143' title='bbox 495 2751 540 2824; x_wconf 89' lang='lat' dir='ltr'>ad</span> <span class='ocrx_word' id='word_1_144' title='bbox 556 2751 634 2824; x_wconf 91' lang='lat' dir='ltr'>Cic.</span> <span class='ocrx_word' id='word_1_145' title='bbox 654 2777 710 2848; x_wconf 91' lang='lat' dir='ltr'>ep.</span> <span class='ocrx_word' id='word_1_146' title='bbox 727 2754 775 2841; x_wconf 85' lang='grc' dir='ltr'>ΙΙ,</span> <span class='ocrx_word' id='word_1_147' title='bbox 797 2778 852 2825; x_wconf 83' lang='lat'>12.</span> <span class='ocrx_word' id='word_1_148' title='bbox 881 2777 987 2849; x_wconf 85' lang='lat' dir='ltr'>quern</span> <span class='ocrx_word' id='word_1_149' title='bbox 1011 2769 1131 2820; x_wconf 87' lang='lat' dir='ltr'>tamen</span> 
     </span>
     <span class='ocr_line' id='line_1_22' title="bbox 149 2863 1134 2969; baseline -0.006 -25"><span class='ocrx_word' id='word_1_150' title='bbox 149 2863 271 2944; x_wconf 83' lang='lat' dir='ltr'>frustra</span> <span class='ocrx_word' id='word_1_151' title='bbox 288 2869 323 2942; x_wconf 86' lang='lat' dir='ltr'>in</span> <span class='ocrx_word' id='word_1_152' title='bbox 338 2871 509 2969; x_wconf 84' lang='lat' dir='ltr'>Catalogo</span> <span class='ocrx_word' id='word_1_153' title='bbox 527 2872 628 2944; x_wconf 88' lang='lat' dir='ltr'><strong>MSS.</strong></span> <span class='ocrx_word' id='word_1_154' title='bbox 653 2869 726 2968; x_wconf 85' lang='lat' dir='ltr'>ejus</span> <span class='ocrx_word' id='word_1_155' title='bbox 752 2872 989 2957; x_wconf 73' lang='lat' dir='ltr'>Bibliotheca,</span> <span class='ocrx_word' id='word_1_156' title='bbox 1013 2868 1059 2940; x_wconf 90' lang='lat' dir='ltr'>ab</span> <span class='ocrx_word' id='word_1_157' title='bbox 1076 2868 1134 2938; x_wconf 80' lang='lat' dir='ltr'><strong>ln.-</strong></span> 
     </span>
     <span class='ocr_line' id='line_1_23' title="bbox 149 2987 1209 3087; baseline 0.002 -28"><span class='ocrx_word' id='word_1_158' title='bbox 149 2987 341 3083; x_wconf 82' lang='lat' dir='ltr'>Theupolo</span> <span class='ocrx_word' id='word_1_159' title='bbox 368 2991 476 3081; x_wconf 87' lang='lat' dir='ltr'>editu,</span> <span class='ocrx_word' id='word_1_160' title='bbox 510 2991 658 3087; x_wconf 85' lang='lat' dir='ltr'>quaefivi.</span> <span class='ocrx_word' id='word_1_161' title='bbox 709 2992 805 3063; x_wconf 86' lang='lat' dir='ltr'>Nam</span> <span class='ocrx_word' id='word_1_162' title='bbox 834 2987 972 3078; x_wconf 81' lang='lat' dir='ltr'>Codex,</span> <span class='ocrx_word' id='word_1_163' title='bbox 1003 2987 1064 3086; x_wconf 90' lang='lat' dir='ltr'>qui</span> <span class='ocrx_word' id='word_1_164' title='bbox 1094 3014 1129 3061; x_wconf 90' lang='lat' dir='ltr'>n.</span> <span class='ocrx_word' id='word_1_165' title='bbox 1190 3011 1209 3076; x_wconf 4' lang='grc' dir='ltr'>Ν·</span> 
     </span>
    </p>
   </div>
   <div class='ocr_carea' id='block_1_2' title="bbox 9 3098 1130 3209">
    <p class='ocr_par' dir='ltr' id='par_1_3' title="bbox 9 3098 1130 3209">
     <span class='ocr_line' id='line_1_24' title="bbox 9 3098 1130 3209; baseline 0 -27"><span class='ocrx_word' id='word_1_166' title='bbox 9 3121 23 3177; x_wconf 88' lang='grc'>’.</span> <span class='ocrx_word' id='word_1_167' title='bbox 150 3109 425 3182; x_wconf 86' lang='lat' dir='ltr'><strong>CCCLXXXI.</strong></span> <span class='ocrx_word' id='word_1_168' title='bbox 455 3109 652 3199; x_wconf 83' lang='lat' dir='ltr'>exhibetur,</span> <span class='ocrx_word' id='word_1_169' title='bbox 681 3111 815 3209; x_wconf 85' lang='lat' dir='ltr'>fuitque</span> <span class='ocrx_word' id='word_1_170' title='bbox 845 3098 1068 3198; x_wconf 83' lang='lat' dir='ltr'>Beffarionis,</span> <span class='ocrx_word' id='word_1_171' title='bbox 1097 3136 1130 3182; x_wconf 88' lang='lat' dir='ltr'>a.</span> 
     </span>
    </p>
   </div>
   <div class='ocr_carea' id='block_1_3' title="bbox 146 3224 1195 3810">
    <p class='ocr_par' dir='ltr' id='par_1_4' title="bbox 146 3224 1195 3810">
     <span class='ocr_line' id='line_1_25' title="bbox 151 3224 1129 3327; baseline 0 -25"><span class='ocrx_word' id='word_1_172' title='bbox 151 3255 256 3327; x_wconf 83' lang='lat'><strong>1453·</strong></span> <span class='ocrx_word' id='word_1_173' title='bbox 284 3231 432 3302; x_wconf 88' lang='lat' dir='ltr'>demum</span> <span class='ocrx_word' id='word_1_174' title='bbox 449 3224 612 3304; x_wconf 82' lang='lat' dir='ltr'>Bononiae</span> <span class='ocrx_word' id='word_1_175' title='bbox 630 3230 776 3326; x_wconf 82' lang='lat' dir='ltr'>scriptus</span> <span class='ocrx_word' id='word_1_176' title='bbox 793 3231 855 3320; x_wconf 90' lang='lat' dir='ltr'>est,</span> <span class='ocrx_word' id='word_1_177' title='bbox 887 3256 950 3303; x_wconf 89' lang='lat' dir='ltr'>nec</span> <span class='ocrx_word' id='word_1_178' title='bbox 976 3231 1129 3303; x_wconf 72' lang='lat' dir='ltr'>Victorio</span> 
     </span>
     <span class='ocr_line' id='line_1_26' title="bbox 146 3334 1128 3447; baseline 0.001 -26"><span class='ocrx_word' id='word_1_179' title='bbox 146 3350 307 3447; x_wconf 88' lang='lat' dir='ltr'>antiquus</span> <span class='ocrx_word' id='word_1_180' title='bbox 323 3350 438 3432; x_wconf 71' lang='lat' dir='ltr'>dicius</span> <span class='ocrx_word' id='word_1_181' title='bbox 464 3349 587 3424; x_wconf 86' lang='lat' dir='ltr'>fuiffet.</span> <span class='ocrx_word' id='word_1_182' title='bbox 637 3353 802 3424; x_wconf 88' lang='lat' dir='ltr'>Ceterum</span> <span class='ocrx_word' id='word_1_183' title='bbox 824 3334 891 3424; x_wconf 88' lang='lat' dir='ltr'>hoc</span> <span class='ocrx_word' id='word_1_184' title='bbox 918 3348 1051 3424; x_wconf 82' lang='lat' dir='ltr'>fortaffe</span> <span class='ocrx_word' id='word_1_185' title='bbox 1067 3376 1128 3422; x_wconf 83' lang='lat' dir='ltr'>ex-</span> 
     </span>
     <span class='ocr_line' id='line_1_27' title="bbox 148 3469 1129 3568; baseline -0.005 -21"><span class='ocrx_word' id='word_1_186' title='bbox 148 3472 268 3567; x_wconf 82' lang='lat' dir='ltr'>emplo</span> <span class='ocrx_word' id='word_1_187' title='bbox 297 3473 455 3544; x_wconf 88' lang='lat' dir='ltr'>firmetur</span> <span class='ocrx_word' id='word_1_188' title='bbox 479 3469 586 3560; x_wconf 83' lang='lat' dir='ltr'>fama,</span> <span class='ocrx_word' id='word_1_189' title='bbox 611 3497 690 3568; x_wconf 81' lang='lat' dir='ltr'>quae</span> <span class='ocrx_word' id='word_1_190' title='bbox 717 3470 762 3544; x_wconf 92' lang='lat' dir='ltr'>de</span> <span class='ocrx_word' id='word_1_191' title='bbox 786 3469 975 3544; x_wconf 84' lang='lat' dir='ltr'>Codicibus</span> <span class='ocrx_word' id='word_1_192' title='bbox 999 3470 1129 3544; x_wconf 81' lang='lat' dir='ltr'>Biblio-</span> 
     </span>
     <span class='ocr_line' id='line_1_28' title="bbox 147 3580 1130 3689; baseline 0.002 -27"><span class='ocrx_word' id='word_1_193' title='bbox 147 3592 258 3664; x_wconf 85' lang='lat' dir='ltr'>thecae</span> <span class='ocrx_word' id='word_1_194' title='bbox 285 3592 443 3681; x_wconf 84' lang='lat' dir='ltr'>Venetae,</span> <span class='ocrx_word' id='word_1_195' title='bbox 473 3591 508 3664; x_wconf 88' lang='lat' dir='ltr'>in</span> <span class='ocrx_word' id='word_1_196' title='bbox 526 3590 646 3688; x_wconf 85' lang='lat' dir='ltr'>primis</span> <span class='ocrx_word' id='word_1_197' title='bbox 663 3617 708 3663; x_wconf 87' lang='lat' dir='ltr'>ex</span> <span class='ocrx_word' id='word_1_198' title='bbox 737 3590 793 3681; x_wconf 86' lang='lat' dir='ltr'>iis,</span> <span class='ocrx_word' id='word_1_199' title='bbox 825 3580 985 3682; x_wconf 82' lang='lat' dir='ltr'>traditur,</span> <span class='ocrx_word' id='word_1_200' title='bbox 1020 3590 1130 3689; x_wconf 85' lang='lat' dir='ltr'>quia</span> 
     </span>
     <span class='ocr_line' id='line_1_29' title="bbox 146 3709 1195 3810; baseline -0.002 -22"><span class='ocrx_word' id='word_1_201' title='bbox 146 3711 342 3789; x_wconf 86' lang='lat' dir='ltr'>Beffarione</span> <span class='ocrx_word' id='word_1_202' title='bbox 375 3737 507 3787; x_wconf 87' lang='lat' dir='ltr'>nornen</span> <span class='ocrx_word' id='word_1_203' title='bbox 539 3711 703 3804; x_wconf 81' lang='lat' dir='ltr'>habuere,</span> <span class='ocrx_word' id='word_1_204' title='bbox 747 3709 946 3787; x_wconf 73' lang='lat' dir='ltr'>subductis:</span> <span class='ocrx_word' id='word_1_205' title='bbox 982 3714 1027 3786; x_wconf 90' lang='lat' dir='ltr'>de</span> <span class='ocrx_word' id='word_1_206' title='bbox 1057 3737 1129 3810; x_wconf 80' lang='lat' dir='ltr'>qua</span> <span class='ocrx_word' id='word_1_207' title='bbox 1191 3721 1195 3730; x_wconf 89' lang='lat'>&#39;</span> 
     </span>
    </p>
   </div>
   <div class='ocr_carea' id='block_1_4' title="bbox 0 0 1399 4724">
    <p class='ocr_par' dir='ltr' id='par_1_5' title="bbox 0 0 1399 4724">
     <span class='ocr_line' id='line_1_30' title="bbox 0 0 1399 4724; baseline 0 0"><span class='ocrx_word' id='word_1_208' title='bbox 0 0 1399 4724; x_wconf 95' lang='lat' dir='ltr'> </span> 
     </span>
    </p>
   </div>
  </div>
 </body>
</html>
