2834 4732
400 344 704 418 Arruntium
745 337 931 409 Lrnll.
1109 340 1153 435 87

181 516 316 587 noctem
339 537 461 585 cruore
485 511 634 587 hostiurn
658 510 782 584 satiatae
806 493 900 583 sunt:¹
928 510 1057 607 equites
1080 538 1154 584 am·

181 633 286 733 bigne
299 636 485 707 certavere.

225 755 345 828 XXII.
363 756 578 826 Latinius
593 779 657 850 pro
675 751 844 825 concione
860 750 1065 840 victoribuS,
1077 751 1154 823 Cae·

175 873 226 948 sar
250 874 452 969 congeriem
476 899 654 950 armorum
678 872 814 961 struxit,
837 871 986 967 superbo
1008 897 1090 944 cum
1112 871 1154 943 ti·

177 996 274 1069 tulo:
310 1017 559 1079 oanntrnrrs
589 1018 713 1068 mann
744 1017 912 1065 nuruum
937 973 1166 1078 hramous

93 1162 97 1174 ·
177 1140 425 1189 NATIONIBUS
452 1138 689 1187 EXERCITUM
715 1137 870 1185 TIBERII
899 1134 1072 1185 cAESAnls
1101 1135 1153 1183 EA

177 1260 428 1310 nourntnnra
453 1259 584 1307 Manrr
616 1258 662 1304 nr
689 1257 775 1325 Jovr
810 1257 857 1304 nr
882 1256 1061 1304 nouusro
1090 1256 1153 1302 sa-

179 1381 394 1429 cnavrssa:
425 1356 469 1427 de
485 1352 518 1425 se
535 1351 619 1425 nihil
638 1351 784 1441 addidit,
811 1371 908 1424 metu
925 1350 1079 1441 invidiae,
1109 1372 1153 1422 an

179 1495 270 1548 ratus
292 1472 535 1550 conscientiam
559 1470 656 1549 fatris
678 1458 754 1544 satis
776 1474 853 1546 else.
903 1474 998 1544 Mox
1021 1472 1153 1544 bellum

179 1595 215 1668 in
247 1593 476 1691 Angrivarios
504 1592 665 1671 Stertinio
691 1593 847 1679 mandat,
877 1591 912 1666 ni
941 1589 1155 1665 deditionem

179 1713 476 1813 properaviss'ent:
508 1733 611 1810 atque
637 1712 686 1784 illi
716 1710 899 1810 supplices,
929 1710 1014 1786 nihil
1043 1715 1152 1786 abnu-

178 1837 284 1924 endo,
303 1833 441 1907 veniam
452 1833 618 1910 ,omnium
635 1836 812 1929 accepere.

225 1936 361 2032 XXIII.
386 1955 460 2028 San
476 1979 636 2031 narare
646 1952 722 2051 jam
739 1954 869 2043 adulta,
883 1953 1062 2053 legionum
1079 1955 1153 2028 aliae

177 2077 299 2150 itinere
324 2075 479 2149 'terrestri
513 2075 549 2148 in
584 2074 807 2148 hibernacula
837 2075 1004 2149 remiffae:
1041 2077 1154 2172 plures

176 2196 286 2271 Caesar
303 2200 394 2272 clallr
411 2198 588 2295 impositas
603 2221 664 2292 per
676 2199 809 2269 flumen
827 2196 994 2270 Amifiam
1011 2199 1154 2270 Oceano

176 2318 320 2394 invexit.
354 2323 411 2393 Ac
429 2315 545 2418 primo
563 2315 742 2413 placidum
759 2340 879 2412 aequor
897 2316 1154 2390 millenarium

177 2439 279 2513 remis
305 2439 470 2534 strepere,
495 2457 555 2511 aut
583 2436 668 2510 velis
693 2435 849 2533 impelli:
878 2462 964 2508 mox
993 2456 1066 2508 atro
1088 2461 1153 2508 nu·

177 2560 277 2632 bium
303 2559 412 2654 globo
434 2554 538 2630 effusa
565 2550 723 2654 grando:
753 2557 851 2657 sunul
875 2556 977 2629 variis
999 2546 1163 2651 undique¹

78 2735 82 2753 .
180 2677 353 2772 procellis,
377 2675 498 2751 incerti
521 2680 645 2754 fluctus
669 2675 886 2774 prospectum
907 2677 1072 2765 adimere,
1096 2678 1154 2747 're-

179 2796 297 2894 gimen
324 2797 519 2894 impedire:
563 2795 729 2894 milesque
757 2796 918 2893 pavidus,
949 2801 982 2868 &
1012 2794 1154 2868 casuum

180 2918 281 2990 maris
310 2918 463 3015 ignarus,
503 2919 592 2992 dum
619 2919 734 2991 turbat
760 2937 894 3005 nautas,
940 2917 996 2988 vel
1029 2915 1155 2988 intem·

180 3037 312 3135 pestive
332 3036 446 3134 juvat,
481 3037 594 3112 officia
626 3038 849 3135 prudentium
883 3040 1152 3133 corrumpebat:

180 3183 286 3231 omne
310 3156 437 3232 dehinc
460 3159 598 3247 calum,
634 3163 668 3231 δι
694 3185 789 3235 mare
813 3185 917 3233 omne
942 3159 978 3230 in
1003 3158 1155 3229 austrum

180 3280 286 3365 cellit,
305 3276 366 3374 qui
384 3277 524 3351 tumidis
542 3279 739 3354 Germania
756 3279 865 3369 terris,
885 3276 1064 3375 profundis
1080 3304 1154 3349 am-

179 3397 295 3486 nibus,
323 3397 491 3475 immenso
513 3398 660 3473 nubium
678 3401 787 3481 tractu
805 3399 953 3489 validus,
982 3397 1155 3496 &rigore
1204 3393 1209 3397 ⁸

179 3517 283 3591 vicini
317 3515 568 3613 septemtrionis
598 3518 780 3607 horridior,
814 3518 926 3614 rapuit
953 3516 1155 3616 disjecitque

178 3663 283 3711 naves
300 3638 335 3711 in
352 3658 470 3735 aperta
485 3637 631 3727 Oceani,
657 3659 715 3711 aut
738 3638 860 3710 insulas
882 3637 969 3712 saxis
985 3641 1152 3738 abruptis,

176 3760 235 3854 rel
259 3786 321 3861 per
346 3759 486 3838 occulta
511 3759 601 3834 vada
625 3757 770 3832 infestas.
831 3759 971 3861 Qubus
997 3762 1153 3860 paullum

559 3882 593 3955 G
619 3905 643 3973 4
