2512 4696
96 337 163 412 ¹32-
257 360 259 363 .
321 312 363 382 C.
386 293 630 411 Cunnum
655 309 837 389 Tncrrr

76 483 127 560 1‘5
141 493 290 550 mortem
306 474 353 546 ob
370 472 631 571 rempublicam
647 471 768 547 obiilse
784 472 820 544 :'’
845 469 1072 567 sepulchrum

94 592 294 671 Antiochiae*
317 592 379 666 ubi
407 615 606 669 crematus:
645 594 796 675 tribunal
831 589 1070 690 Epidaphnae,

19 737 21 747 ¹
94 742 164 814 quo
181 712 217 786 in
234 716 313 789 loco
330 713 440 788 vitam
458 716 603 799 linierat.
653 717 849 789 statuarum
867 713 1073 801 locorumve

92 837 128 919 in
146 837 223 933 quls
240 837 450 928 colerentur,
465 835 560 910 haud
578 836 677 910 facile
694 836 772 934 quis
789 858 977 924 numerum
1004 832 1071 905 ini·

93 956 164 1037 erit.
214 958 307 1035 cum
333 956 529 1034 censeretur
553 959 696 1056 clipeus,
724 982 809 1030 auro
832 960 865 1029 u
891 952 1070 1051 magnitu-

93 1078 175 1153 dine
189 1076 343 1176 insrgnis,
372 1078 463 1151 inter
490 1082 642 1155 auctores
670 1076 904 1175 eloquentiae;
930 1072 1071 1148 adsere,

83 1200 182 1280 ravit
197 1198 376 1289 Tiberius,
406 1205 433 1241 “
452 1198 591 1275 solitum
608 1225 797 1298 paremque
825 1197 946 1271 ceteris
974 1197 1071 1275 dicu

95 1328 121 1364 “
139 1339 285 1394 turum:
317 1345 434 1418 neque
462 1322 554 1395 enim
571 1319 808 1419 eloquentiam
841 1319 980 1392 fortunal
1003 1317 1097 1391 dist.
1137 1324 1143 1332 '

95 1438 123 1484 ‘'‘
142 1440 235 1514 cerni
251 1471 271 1528 3.
289 1444 324 1513 ὅτ
357 1439 434 1516 satis
462 1442 614 1532 inlustre,
642 1445 665 1515 si
695 1463 828 1520 veteres
856 1440 944 1515 inter
972 1437 1077 1537 scrip-

95 1569 123 1609 “
141 1581 230 1635 tores
256 1564 476 1651 haberetur.''
526 1562 694 1660 Equester
725 1565 814 1637 ordo
842 1588 968 1636 cuneum
995 1560 1076 1634 Ger·

94 1687 212 1758 manici
241 1683 442 1782 appellarit,
476 1666 538 1781 dui
565 1682 736 1773 Juniorum
773 1684 978 1771 dicebatur3
1022 1682 1076 1756 in-

24 1806 28 1810 *
93 1805 272 1902 stituitque
301 1805 353 1878 uti
379 1824 500 1878 turmae
516 1803 638 1881 Idibus
665 1805 769 1900 Juliis
789 1804 980 1903 imaginem
1004 1801 1076 1902 ejus

92 1924 339 2023 sequerentur:
382 1926 545 2022 pleraque
570 1946 739 1999 manent:
769 1927 930 2023 quaedam
963 1924 1079 2009 statim

93 2044 214 2125 omissa
229 2044 320 2133 sunt,
346 2064 406 2117 aut
421 2044 572 2119 vetustas
589 2044 797 2129 obliteravit.

96 2243 98 2245 .
142 2165 351 2238 Lxxxrv.
377 2165 575 2238 emm
603 2165 731 2247 recenti
758 2166 873 2246 adhuc
901 2144 1075 2254 nlaestrtn,

94 2287 187 2367 soror
208 2283 410 2363 Germanici
438 2285 559 2377 Livia,
584 2306 695 2384 nupta
721 2283 850 2377 Drus0,
872 2287 961 2359 duos
991 2283 1076 2358 viri-

95 2406 137 2502 lis
153 2404 254 2479 lexlls
271 2407 370 2479 simul
388 2406 490 2481 enixa
506 2406 580 2481 est:
612 2408 712 2505 quod
739 2433 854 2481 rarum
885 2408 1076 2504 latumque

95 2527 370 2629 etiamlmodicis
387 2528 584 2626 penatibus,
607 2546 706 2601 tanto
725 2528 854 2626 gaudio
875 2527 1079 2627 Principem

94 2646 238 2741 adfecit,
252 2666 303 2724 'ut
331 2676 402 2723 non
430 2637 687 2745 temperaverit,
716 2649 802 2746 quin
826 2647 970 2748 jadaret
985 2650 1081 2747 apud

96 2790 225 2870 patres,
252 2771 383 2846 “nulli
400 2770 479 2845 ante
497 2774 742 2871 Romanorum
770 2769 923 2870 ejusdem
953 2769 1082 2870 fastigii

97 2900 126 2935 “
145 2891 221 2964 viro
250 2893 432 2991 geminam
459 2892 600 2993 stirpem
628 2891 760 2975 editam
774 2893 811 2964 :''
844 2918 927 2966 nam
957 2891 1082 2973 cundia

95 3012 202 3086 etiam
228 3011 370 3087 fortuita
398 3016 444 3087 ad
474 3014 620 3115 gloriam
646 3016 815 3089 vertebat.
866 3015 933 3088 Sed
948 3015 1081 3113 populo

95 3132 194 3206 tali
185 3158 229 3210 tn
248 3154 411 3233 tempore
438 3135 475 3208 id
499 3162 644 3234 quoque
670 3137 829 3217 dolorem
856 3135 960 3221 tulit;
990 3157 1077 3207 tam

95 3277 205 3385 quarn
232 3257 353 3336 auctus
383 3254 497 3333 liberis
521 3254 666 3347 Drusus,
694 3243 844 3333 demum
877 3254 1079 3337 Germanici

95 3371 208 3466 magis
233 3395 385 3485 urgeret.

144 3479 337 3568 LXXXV
365 3498 511 3569 Eoum
540 3521 633 3569 anno
662 3422 829 3594 gravibus
854 3495 987 3571 senatus
1015 3495 1076 3565 de-

95 3604 195 3681 cretis
210 3606 323 3684 libido
337 3612 549 3690 feminarum
567 3616 734 3704 co'e'rcita;
758 3619 1003 3713 cautumque‘
1007 3619 1077 3684 ‘ne

96 3734 124 3776 “
143 3723 330 3831 questum,
343 3757 489 3835 corpore
504 3735 645 3826 faceret,
669 3736 727 3815 cui
753 3760 852 3826 avus,
874 3754 933 3808 aut
960 3753 1073 3834 pater,
