2776 4724
963 340 1159 392 ‘XXXV

184 490 413 588 ceptustitcslccs
431 494 484 591 est,
506 495 583 568 libri
596 494 748 589 sedecim,
771 494 826 591 qui
838 488 1018 592 stepersunt,
1037 486 1163 592 portien

180 613 266 684 hoco
277 613 441 705 oscitanter
457 615 605 711 perletlr',
625 618 759 711 portien,
782 633 888 712 nempe
907 615 1096 712 posteslores,
1117 617 1161 689 al

178 736 341 832 exemplos
353 736 592 832 manuscriptum
609 739 756 832 recogniti
768 755 878 833 cotegna
888 733 963 826 fide,
979 761 1033 807 nee
1047 722 1173 810 minore*

120 960 123 962 ,
171 855 305 950 judicio,
323 873 386 953 pff
406 856 540 930 Beatum
558 857 751 929 Rhenanam.
802 855 903 929 Nihil
919 857 971 927 lsic
988 854 1081 952 fingi,
1104 857 1161 928 dt*
1236 876 1239 885 ⁴
1293 940 1294 943 ,

179 976 289 1048 abunt
302 978 512 1074 castigationes
528 979 602 1071 suis
615 1002 741 1075 queque
764 979 855 1049 libris
869 978 998 1049 addite.
1049 977 1160 1080 Iibel·

180 1096 232 1166 lus
258 1097 296 1168 de
321 1094 540 1170 Germanorum
552 1100 688 1194 populis,
722 1097 873 1195 Dialogus
899 1099 937 1168 de
965 1096 1160 1184 Oratoribus,

180 1217 314 1315 denique.
328 1219 367 1290 cle
385 1223 457 1291 vito
480 1217 570 1310 Julii
596 1219 751 1317 Agricola
764 1242 820 1289 non
833 1219 934 1311 solum
960 1221 1160 1302 emaculatices

176 1338 341 1432 prodeunt,
364 1339 427 1433 sed
453 1340 494 1411 lsi
517 1339 713 1436 explicatius,
746 1339 903 1436 oclj'ctollis
930 1342 963 1410 in
989 1320 1070 1412 hooc
1096 1364 1159 1412 rem

169 1457 312 1549 scholiis.
364 1459 456 1532 Htec
473 1483 615 1557 quoque
628 1458 737 1532 editio
754 1459 875 1556 pulcra
890 1458 951 1550 est,
976 1485 1043 1535 nec
1065 1464 1157 1535 rnul-

183 1596 261 1650 tum
290 1577 382 1650 cedit
403 1575 577 1675 superiori.
625 1581 740 1654 Manu
771 1578 938 1675 scriptum
966 1581 1157 1677 exemplar,

186 1721 260 1793 quo
276 1695 310 1770 se
326 1696 424 1771 usum
435 1697 534 1789 dicit,
557 1698 718 1798 iutelligit
736 1697 905 1792 Budense,
929 1701 974 1773 de
991 1725 1064 1798 quo
1079 1720 1159 1773 ante

184 1815 330 1892 dilium.
380 1818 526 1893 Editum
554 1821 690 1894 nullum
715 1819 851 1911 habuit,
886 1821 982 1918 quod
1014 1821 1158 1919 quidem

183 1935 488 2037 fateatuc,.praeter
509 1939 605 2038 prius
627 1940 835 2016 Bafileense:
864 1942 962 2039 quod
989 1940 1067 2015 sane
1092 1941 1158 2016 mi·

180 2059 330 2133 randum
346 2059 383 2133 in
400 2081 557 2159 tempore
582 2085 639 2152 eo,
664 2086 737 2159 quo
761 2059 860 2137 facile
877 2061 1016 2160 reperiri
1039 2062 1159 2161 primae

179 2180 346 2256 editiones
364 2202 534 2281 poterant.
571 2186 621 2256 At
638 2184 830 2258 Bafileenfis
845 2182 1000 2280 exempli
1022 2195 1158 2257 textum
1237 2268 1240 2271 ,

181 2301 239 2376 ille
254 2309 414 2400 vulgatum
431 2324 550 2394 vocat,
570 2302 675 2376 etiam
687 2303 749 2377 ubi
766 2328 948 2403 operarum
961 2303 1045 2377 vitio
1059 2305 1157 2377 aber·

180 2444 229 2496 rat
250 2423 507 2514 aBeroaldino,
534 2443 594 2497 aut
610 2423 806 2498 Beroaldini
829 2443 968 2522 peccata
997 2426 1031 2497 &
1058 2424 1158 2498 aber·

182 2544 327 2619 ratioues
352 2546 475 2619 abed.
502 2543 682 2618 Puteolani
706 2542 837 2619 servat:
869 2545 965 2644 quod
993 2568 1065 2617 non
1086 2569 1158 2618 uno
1220 2621 1222 2624 ,
1267 2551 1282 2578 ”

182 2664 261 2737 loco
297 2663 428 2740 fastum
462 2664 774 2740 animadvertimus
806 2685 911 2764 atque
950 2664 1156 2739 notavimus.

180 2774 234 2858 Sic
257 2811 337 2860 uc.
362 2787 408 2859 ad
427 2790 473 2861 A.
490 2787 595 2881 XIII,
614 2791 674 2884 45.
697 2785 804 2860 dicit:
835 2785 1027 2889 scripfimus
1047 2798 1156 2881 poten·

182 2908 258 2975 tiam
274 2910 306 2977 ei
327 2908 488 3004 adjiceret.
529 2909 611 3002 jam
639 2909 683 2979 fic
700 2907 803 3003 plane
826 2904 1007 3010 ediderant
1021 2904 1158 2979 Puteol.

183 3022 383 3097 Beroaldus.
430 3027 498 3097 Sed
521 3025 557 3097 in
584 3027 756 3100 Bafileensr
778 3044 852 3097 erat
873 3048 1054 3122 operatum
1070 3022 1157 3101 vitio

174 3145 359 3242 potentium.
409 3145 493 3232 XV,
511 3168 571 3237 44
588 3166 673 3219 extr.
690 3145 774 3220 dicit
790 3143 822 3219 se
840 3144 1003 3244 castigare
1018 3147 1156 3241 olsccme-

180 3277 312 3337 rentccc:
337 3263 435 3362 quod
457 3256 575 3338 tumen
592 3266 639 3340 est
664 3265 699 3339 in
722 3265 885 3341 omnibus
909 3284 1035 3363 praeter
1059 3263 1156 3340 Bafil.

178 3382 431 3481 superioribus3
457 3384 494 3459 in
510 3409 580 3482 qua
596 3411 709 3484 operae
727 3386 853 3461 dedere
877 3383 997 3458 vitiose
1016 3387 1156 3480 absume.

179 3500 376 3579 retorcadd.
394 3526 468 3580 not.
484 3506 530 3580 ad
542 3508 597 3582 H.
614 3509 680 3597 IV,
703 3533 755 3596 14.
776 3532 794 3606 7
799 3533 832 3608 3.
849 3526 936 3581 extr.
953 3525 1018 3582 etc.
1058 3507 1155 3582 Con·

178 3644 230 3700 tra
250 3623 404 3724 aliaejus
421 3647 564 3725 peccata
579 3651 624 3700 ne
641 3626 885 3702 animadvertit
908 3627 1066 3726 quidem,
1095 3653 1155 3702 ve·

178 3745 230 3820 lut
246 3770 301 3840 ea,
327 3754 407 3848 quae'
422 3766 502 3822 aute
526 3746 741 3839 notavimus,
771 3750 921 3849 &plura
944 3749 1021 3825 alia.
1062 3748 1156 3824 Illud

664 3892 730 3940 cz
883 3906 890 3919 ·
