2796 4724
186 370 190 377 ’
256 362 326 440 150
462 334 503 408 C.
535 335 816 407 Conuanrr
847 331 1056 408 Tncrrr

253 514 296 589 rit
336 511 521 608 “qualem
558 508 637 587 Piso
657 509 753 585 diem
774 509 989 608 supremum,
1021 509 1235 610 nodemque

255 643 284 679 “
301 631 504 730 exegiffet.'’
527 636 649 729 Atque
666 631 728 706 illo
747 634 914 730 pleraque
931 628 1114 726 sapienter,
1137 657 1235 730 quae·

251 755 333 826 dam
370 751 595 826 inconsultius
632 741 876 850 respondente,
912 751 1031 825 recitat
1049 749 1236 826 codicillos

248 894 269 947 a
303 870 424 980 Pisone
458 873 495 946 in
529 876 623 947 hunc
658 872 766 948 serme
801 874 951 947 modum
987 875 1229 968 composrtosv:

249 1001 277 1043 “
296 994 559 1092 Conspiratione
575 995 796 1070 inimicorum
832 999 865 1067 uc
900 993 1034 1067 invidia
1064 991 1134 1066 falfi
1165 993 1231 1066 cri-

249 1123 278 1160 “
297 1116 399 1189 minis
416 1118 608 1213 oppressus,
645 1137 816 1215 quatenus
832 1114 971 1190 veritati
1002 1118 1035 1187 a
1065 1114 1233 1190 innocen·

248 1242 277 1277 “
296 1235 352 1310 tiae
371 1263 459 1311 meae
477 1237 648 1336 nusquam
682 1239 781 1311 locus
810 1236 871 1328 est',
903 1237 988 1309 deos
1017 1235 1234 1309 immortales

249 1364 278 1403 “
297 1358 414 1449 testor,
445 1358 568 1433 vixisse
598 1386 669 1449 me,
697 1357 825 1449 caesar,
857 1383 941 1432 cum
957 1358 1030 1430 side
1047 1357 1234 1431 adversum

248 1488 276 1525 “
294 1502 343 1571 te,
363 1505 478 1578 neque
494 1480 560 1555 alia
577 1480 614 1555 in
632 1501 781 1554 matrem
798 1501 896 1558 tuam
916 1477 1068 1576 pietate:
1102 1476 1235 1576 vosque
1255 1533 1256 1536 ,

249 1608 360 1675 “oro
396 1601 511 1679 liberis
547 1601 634 1676 meis
670 1600 880 1677 consulatis:
919 1625 964 1673 ex
1001 1597 1131 1698 quibus
1165 1600 1233 1672 Cn.

247 1729 276 1766 “
295 1722 373 1797 Piso
392 1724 642 1821 qualicumque
675 1720 824 1812 sortunae
861 1745 949 1794 meae
979 1746 1052 1793 non
1087 1721 1136 1794 est
1169 1719 1233 1792 ad-

159 1847 160 1854 ’
247 1842 446 1942 “junsluq
483 1845 567 1917 clim
585 1870 691 1917 omne
710 1845 780 1916 hoc
798 1862 936 1940 tempus
965 1842 1001 1915 in
1030 1843 1132 1915 Urbe
1150 1867 1232 1940 ege-

248 1971 277 2008 “
296 1964 367 2037 rit:
397 1967 454 2037 Μ.
473 1963 552 2036 Piso
569 1985 723 2060 repetere
740 1963 874 2059 Syriam
911 1964 1114 2037 dehortatus
1151 1961 1231 2041 est:
1283 2018 1284 2021 =

246 2091 274 2127 “
293 2105 399 2181 atque
415 2083 553 2155 utinam
572 2108 639 2180 ego
659 2081 775 2179 potius
801 2082 875 2154 filio
886 2079 1026 2182 juveni,
1047 2082 1156 2177 quim
1173 2068 1245 2153 ille'

245 2204 380 2302 “patri
415 2202 495 2276 seni
515 2205 689 2282 cessisset!
724 2201 766 2275 εὸ
795 2200 983 2299 impensius
1020 2224 1156 2298 precor,
1192 2225 1240 2274 ne

246 2332 275 2369 “
295 2350 382 2404 meae
404 2324 581 2423 pravitatis
601 2324 722 2422 poenas
746 2321 913 2402 innoxius
932 2323 1018 2395 luat.
1043 2322 1109 2394 Per
1126 2320 1231 2420 quin·

245 2454 275 2491 “
295 2452 417 2546 que&
446 2445 679 2545 quadraginta
712 2470 883 2524 annorum
910 2443 1132 2542 obsequium,
1171 2467 1234 2539 per

245 2573 274 2611 ‘⁴
301 2561 492 2667 collegium
520 2562 716 2641 co'nsulatds
742 2560 925 2665 quondam
952 2565 1038 2639 divo
1067 2563 1232 2663 Augusto

245 2696 273 2733 “
294 2688 429 2788 parenti
447 2709 508 2761 tuo
527 2691 704 2786 probatus,
738 2687 855 2762 &tibi
877 2687 1024 2777 amicus,
1044 2711 1110 2760 nec
1128 2685 1232 2783 quid·

245 2817 274 2853 “
293 2835 400 2906 quam
419 2808 496 2907 post
514 2811 590 2889 haec
603 2787 807 2909 rogaturus,
843 2805 988 2886 salutem
1003 2805 1151 2888 infelicis
1169 2806 1233 2889 filii

236 2936 273 3003 ,“
291 2932 418 3027 rog0‚'’
451 2932 508 3004 De
525 2930 692 3005 Plancina
710 2930 794 3003 nihil
812 2928 960 3007 addidit.

292 3052 408 3126 XVll.
434 3053 535 3143 Posr
565 3078 644 3150 quae
679 3050 842 3126 Tiberius
877 3033 1133 3126 adolescentem
1163 3050 1230 3125 cri-

242 3173 339 3248 mine
357 3170 470 3246 civilis
488 3172 572 3247 belli
592 3174 757 3272 purgavit
775 3203 783 3246 ε
806 3181 834 3217 “
854 3172 957 3271 patris
975 3172 1111 3272 quippe
1122 3170 1225 3272 jussa,

137 3349 142 3358 -
181 3354 203 3369 ,Δ
229 3303 272 3378 ,“
291 3321 356 3369 nec
387 3293 534 3395 potuiss'e
563 3293 676 3367 filium
703 3295 897 3370 detrectare
913 3296 951 3368 :”
981 3295 1081 3371 srmul
1118 3301 1146 3340 “
1165 3319 1231 3367 no-

243 3421 272 3457 “
291 3415 462 3491 bilitatem
480 3416 623 3506 domus,
661 3415 766 3488 etiam
790 3414 908 3514 ipsius,
945 3442 1093 3515 quoquo
1120 3415 1231 3488 modo

244 3541 272 3578 “
292 3535 596 3636 meriti,·gravem
626 3536 767 3611 casum’'
797 3518 1001 3613 miseratus.)
1037 3539 1106 3612 Pro
1123 3536 1227 3611 Plan-

194 3724 195 3729 ,
244 3654 322 3729 cinfi
339 3679 422 3728 cum
458 3661 593 3753 pudore
629 3663 664 3732 &
699 3658 834 3757 flagitio
851 3659 1020 3750 disseruit,
1059 3653 1227 3728 “matris

178 3818 180 3821 ·
244 3784 272 3826 ‘⁴
290 3777 434 3879 preces”
464 3776 685 3854 Obtendens:
724 3779 760 3853 in
789 3796 898 3880 quam
916 3778 1041 3881 optimi
1060 3773 1227 3877 cujusque
