2796 4724
225 325 296 396 228
418 323 460 395 C.
500 321 768 392 Cunnum
808 320 1015 393 Tncrrr

227 505 380 592 quorum
425 518 565 566 rumore
597 495 810 590 arguebatur
857 491 942 565 “in
974 492 1223 572 ambitionem-

229 623 258 659 “
276 614 444 704 flexiffe,”
470 611 708 712 hujuscemodi
726 613 919 687 orationem
936 611 1058 710 coepit.
1074 621 1101 657 “
1112 615 1206 707 Scio,

230 741 257 778 “
275 755 384 831 patres
401 731 599 835 conscripti,
615 732 846 838 constantiam
864 759 979 806 meam
997 760 1018 807 a
1035 733 1208 833 plerisque

133 899 138 907 s
228 862 256 907 ⁴⁶
273 854 512 943 desideratam,
542 851 640 951 quod
658 857 748 927 Afiae
766 852 965 927 civitatibus
981 877 1092 952 nuper
1108 853 1207 931 idem

227 980 259 1016 “'
274 973 361 1047 istud
380 973 589 1071 petentibus,
620 999 693 1048 non
722 977 783 1048 fim
811 971 1033 1048 adversatus:
1056 982 1143 1071 ‘ergo
1169 980 1206 1048 δε

227 1103 255 1139 “
272 1093 391 1193 prioris
422 1093 545 1168 silentii
561 1091 810 1185 desenfionem,
834 1099 867 1167 &
885 1094 974 1192 quid
990 1093 1027 1167 in
1049 1076 1214 1171 futurum

213 1223 253 1287 ,“
275 1215 466 1305 statuerim,
492 1216 592 1288 simul
609 1215 772 1312 aperiam.
823 1215 918 1287 cum
941 1214 1045 1289 divus
1068 1215 1207 1314 Augus·

182 1357 189 1373 ’
227 1343 255 1380 “
274 1358 345 1426 tus,
372 1336 434 1410 fibi
451 1356 556 1432 atque
573 1337 667 1409 Urbi
681 1340 809 1411 Romae
824 1334 1002 1435 tempium
1019 1339 1210 1436 apudPer-

229 1466 257 1501 ‘⁴
277 1483 423 1555 gamum
443 1456 509 1530 sisti
537 1482 609 1529 non
628 1457 880 1555 prohibuissem
907 1458 968 1557 qui
985 1458 1105 1534 omnia
1121 1456 1212 1532 fasta

230 1586 259 1629 ‘⁴
277 1579 442 1675 uinaque
474 1574 546 1674 ejus
574 1576 652 1651 vice
686 1578 774 1677 Iegis
812 1577 1008 1671 observem,
1041 1579 1211 1678 placitum

232 1696 349 1796 “jam
376 1700 582 1795 exemplum
623 1699 820 1797 promptius
854 1698 990 1774 secutus
1011 1702 1100 1792 sum,
1129 1701 1213 1799 quia

232 1819 387 1920 “cultui
410 1845 492 1892 meo
509 1819 686 1893 veneratio
704 1818 839 1894 senatus
856 1820 1118 1921 adjungebatur.
1142 1824 1211 1899 Ce-

232 1945 260 1985 “
279 1942 392 2013 terum
416 1962 454 2013 ut
471 1939 575 2013 semel
592 1940 770 2036 recepisse,
795 1941 933 2014 veniam
951 1936 1132 2028 habuerit3
1164 1943 1214 2032 ita

113 2154 117 2159 Α
234 2067 260 2131 ,“
281 2085 341 2156 per
357 2084 479 2130 omnes
496 2059 696 2154 provincias
721 2060 837 2156 effigie
860 2060 1049 2134 numinum
1076 2062 1209 2152 sacrari,

176 2284 180 2288 ἱ
232 2186 260 2233 “
278 2175 513 2267 ambitiosum,
546 2176 758 2273 superbum:
803 2180 838 2248 &
872 2177 1031 2251 vanescet
1057 2181 1211 2278 Augusti

233 2308 262 2349 “
279 2303 402 2389 honor,
430 2300 453 2371 s1
472 2296 675 2395 promiscuis
692 2291 947 2371 adulationibus
964 2299 1164 2398 vulgatur.”
1253 2334 1256 2341 ψ
1321 2321 1326 2329 ’

281 2420 489 2496 XXXVIII.
514 2425 544 2472 ‘I
561 2420 738 2511 Eoo'me,
766 2439 879 2517 patres
896 2416 1093 2517 conscripti,
1116 2446 1213 2494 mor·
1236 2438 1237 2441 ’

234 2549 263 2585 “
281 2544 387 2615 talem
404 2542 485 2631 esse,
508 2543 542 2613 δι
571 2536 759 2613 hominum
783 2537 896 2613 officia
917 2538 1032 2639 fungi,
1069 2539 1213 2639 satisque

211 2668 263 2710 ·“
282 2663 422 2752 habere,
452 2664 474 2735 sr
499 2662 620 2735 Iocum
644 2659 841 2758 principem
868 2659 1049 2758 impleam,
1088 2666 1121 2737 δι
1151 2688 1216 2736 vos

235 2789 264 2826 “
282 2783 401 2874 testor,
441 2788 474 2856 δι
500 2781 694 2856 meminisse
717 2781 871 2879 posteros
896 2783 1005 2857 volo:
1043 2783 1105 2883 qui
1136 2782 1214 2859 satis

235 2911 264 2955 “
284 2902 454 3001 superque
480 2902 661 2976 memoriae
684 2928 772 2976 meae
785 2901 951 2994 tribuent,
972 2924 1012 2978 ut
1028 2903 1216 3005 majoribus

235 3033 264 3070 ‘⁶
283 3023 368 3099 meis
385 3023 552 3120 dignum,
567 3050 684 3097 rerum
699 3023 888 3098 vestrarum
905 3023 1110 3121 providum,
1128 3052 1214 3100 con·

235 3146 428 3221 “stantem
456 3143 492 3215 in
525 3143 699 3240 periculis,
733 3145 963 3220 offensionum
988 3173 1051 3244 pro
1066 3148 1217 3223 utilitate

236 3275 265 3309 “
286 3265 427 3365 public&
454 3290 526 3337 non
546 3264 716 3361 pavidum
733 3266 889 3340 credant.
939 3263 1033 3343 Hssaec
1068 3268 1157 3343 mihi
1178 3268 1218 3344 in

195 3480 199 3487 a
237 3392 266 3427 “
285 3364 707 3483 animis'vestristempla,
736 3387 791 3460 hae
812 3387 1056 3485 pulcherrimae
1071 3389 1218 3488 effigies,

181 3508 183 3513 ’
237 3510 265 3548 “
286 3507 318 3575 &
337 3504 529 3579 mansurae:
567 3533 649 3589 nam
667 3532 746 3604 quae
764 3505 846 3582 saxo
862 3507 1054 3601 struuntur,
1081 3507 1216 3604 srjudi-

239 3633 267 3679 ⁴⁶
286 3621 380 3696 cium
398 3625 610 3718 posterorum
628 3628 663 3702 in
675 3627 805 3704 'odium
823 3630 940 3723 vertit,
952 3657 1016 3729 pro
1031 3628 1218 3725 sepulchri}

238 3753 266 3816 s‘
282 3741 498 3851 spernuntur,
548 3749 700 3850 Proinde
725 3748 846 3845 socios,
875 3751 982 3848 cives,
1006 3756 1040 3823 δι
1058 3747 1142 3845 deoc
1160 3747 1215 3851 ip,
