<?xml version="1.0" encoding="UTF-8"?>
<!DOCTYPE html PUBLIC "-//W3C//DTD XHTML 1.0 Transitional//EN"
    "http://www.w3.org/TR/xhtml1/DTD/xhtml1-transitional.dtd">
<html xmlns="http://www.w3.org/1999/xhtml" xml:lang="en" lang="en">
 <head>
  <title>
</title>
<meta http-equiv="Content-Type" content="text/html;charset=utf-8" />
  <meta name='ocr-system' content='tesseract 3.04.00' />
  <meta name='ocr-capabilities' content='ocr_page ocr_carea ocr_par ocr_line ocrx_word'/>
</head>
<body>
  <div class='ocr_page' id='page_1' title='image "./ccorneliitaciti00freigoog_0191.png"; bbox 0 0 2796 4724; ppageno 0'>
   <div class='ocr_carea' id='block_1_1' title="bbox 269 331 1045 428">
    <p class='ocr_par' dir='ltr' id='par_1_1' title="bbox 269 331 1045 428">
     <span class='ocr_line' id='line_1_1' title="bbox 269 331 1045 428; baseline -0.004 -20"><span class='ocrx_word' id='word_1_1' title='bbox 269 357 337 428; x_wconf 84' lang='lat'><strong>140</strong></span> <span class='ocrx_word' id='word_1_2' title='bbox 463 331 1045 427; x_wconf 70' lang='lat' dir='ltr'><strong>C.Coaunr,11Tnc1r1</strong></span> 
     </span>
    </p>
   </div>
   <div class='ocr_carea' id='block_1_2' title="bbox 81 504 1338 3859">
    <p class='ocr_par' dir='ltr' id='par_1_2' title="bbox 81 504 1338 3859">
     <span class='ocr_line' id='line_1_2' title="bbox 260 504 1243 606; baseline 0 -24"><span class='ocrx_word' id='word_1_3' title='bbox 260 524 332 582; x_wconf 85' lang='lat' dir='ltr'><strong>non</strong></span> <span class='ocrx_word' id='word_1_4' title='bbox 341 505 454 597; x_wconf 86' lang='lat' dir='ltr'><strong>alacri,</strong></span> <span class='ocrx_word' id='word_1_5' title='bbox 481 527 521 580; x_wconf 89' lang='lat' dir='ltr'><strong>ut</strong></span> <span class='ocrx_word' id='word_1_6' title='bbox 533 506 676 596; x_wconf 86' lang='lat' dir='ltr'><strong>adsolet,</strong></span> <span class='ocrx_word' id='word_1_7' title='bbox 703 505 867 606; x_wconf 84' lang='lat' dir='ltr'><strong>remigio,</strong></span> <span class='ocrx_word' id='word_1_8' title='bbox 892 506 951 580; x_wconf 89' lang='lat' dir='ltr'><strong>sed</strong></span> <span class='ocrx_word' id='word_1_9' title='bbox 968 506 1101 590; x_wconf 71' lang='lat' dir='ltr'><strong>cunstis</strong></span> <span class='ocrx_word' id='word_1_10' title='bbox 1112 509 1157 582; x_wconf 88' lang='lat' dir='ltr'><strong>ad</strong></span> <span class='ocrx_word' id='word_1_11' title='bbox 1170 504 1243 582; x_wconf 84' lang='lat' dir='ltr'><strong>tris·</strong></span> 
     </span>
     <span class='ocr_line' id='line_1_3' title="bbox 258 626 1244 726; baseline 0.002 -25"><span class='ocrx_word' id='word_1_12' title='bbox 258 629 369 702; x_wconf 89' lang='lat' dir='ltr'><strong>titiam</strong></span> <span class='ocrx_word' id='word_1_13' title='bbox 395 626 603 725; x_wconf 79' lang='lat' dir='ltr'><strong>compositis.</strong></span> <span class='ocrx_word' id='word_1_14' title='bbox 653 627 846 726; x_wconf 90' lang='lat' dir='ltr'><strong>Postquam</strong></span> <span class='ocrx_word' id='word_1_15' title='bbox 870 629 1008 715; x_wconf 89' lang='lat' dir='ltr'><strong>duobus</strong></span> <span class='ocrx_word' id='word_1_16' title='bbox 1025 653 1107 700; x_wconf 94' lang='lat' dir='ltr'><strong>cum</strong></span> <span class='ocrx_word' id='word_1_17' title='bbox 1127 629 1244 703; x_wconf 86' lang='lat' dir='ltr'><strong>liberis</strong></span> 
     </span>
     <span class='ocr_line' id='line_1_4' title="bbox 258 739 1240 846; baseline 0.003 -26"><span class='ocrx_word' id='word_1_18' title='bbox 258 745 399 831; x_wconf 82' lang='lat' dir='ltr'>feralem</span> <span class='ocrx_word' id='word_1_19' title='bbox 412 773 535 822; x_wconf 88' lang='lat' dir='ltr'><strong>urnam</strong></span> <span class='ocrx_word' id='word_1_20' title='bbox 548 769 669 821; x_wconf 89' lang='lat' dir='ltr'><strong>tenens</strong></span> <span class='ocrx_word' id='word_1_21' title='bbox 680 751 814 846; x_wconf 82' lang='lat' dir='ltr'><strong>egressa</strong></span> <span class='ocrx_word' id='word_1_22' title='bbox 825 747 922 836; x_wconf 90' lang='lat' dir='ltr'><strong>navi,</strong></span> <span class='ocrx_word' id='word_1_23' title='bbox 950 739 1074 821; x_wconf 83' lang='lat' dir='ltr'><strong>defixit</strong></span> <span class='ocrx_word' id='word_1_24' title='bbox 1091 751 1212 823; x_wconf 88' lang='lat' dir='ltr'><strong>oculos</strong></span> <span class='ocrx_word' id='word_1_25' title='bbox 1228 779 1240 835; x_wconf 88' lang='lat'>;</span> 
     </span>
     <span class='ocr_line' id='line_1_5' title="bbox 259 868 1245 968; baseline 0 -25"><span class='ocrx_word' id='word_1_26' title='bbox 259 868 355 945; x_wconf 92' lang='lat' dir='ltr'><strong>idem</strong></span> <span class='ocrx_word' id='word_1_27' title='bbox 373 868 535 944; x_wconf 92' lang='lat' dir='ltr'><strong>omnium</strong></span> <span class='ocrx_word' id='word_1_28' title='bbox 553 868 718 968; x_wconf 85' lang='lat' dir='ltr'>gemitus,</span> <span class='ocrx_word' id='word_1_29' title='bbox 748 895 863 967; x_wconf 91' lang='lat' dir='ltr'><strong>neque</strong></span> <span class='ocrx_word' id='word_1_30' title='bbox 878 868 1096 959; x_wconf 89' lang='lat' dir='ltr'><strong>discerneres,</strong></span> <span class='ocrx_word' id='word_1_31' title='bbox 1125 869 1245 968; x_wconf 83' lang='lat' dir='ltr'><strong>proxi-</strong></span> 
     </span>
     <span class='ocr_line' id='line_1_6' title="bbox 264 988 1243 1090; baseline -0.002 -26"><span class='ocrx_word' id='word_1_32' title='bbox 264 1017 355 1080; x_wconf 90' lang='lat' dir='ltr'><strong>mos,</strong></span> <span class='ocrx_word' id='word_1_33' title='bbox 393 990 539 1079; x_wconf 86' lang='lat' dir='ltr'><strong>alienos,</strong></span> <span class='ocrx_word' id='word_1_34' title='bbox 578 988 735 1063; x_wconf 85' lang='lat' dir='ltr'><strong>virorum</strong></span> <span class='ocrx_word' id='word_1_35' title='bbox 768 989 1026 1063; x_wconf 84' lang='lat' dir='ltr'><strong>feminarumve</strong></span> <span class='ocrx_word' id='word_1_36' title='bbox 1059 992 1243 1090; x_wconf 68' lang='lat' dir='ltr'><strong>plaustus:</strong></span> 
     </span>
     <span class='ocr_line' id='line_1_7' title="bbox 261 1108 1247 1210; baseline -0.001 -25"><span class='ocrx_word' id='word_1_37' title='bbox 261 1111 322 1185; x_wconf 79' lang='lat' dir='ltr'><strong>nisi</strong></span> <span class='ocrx_word' id='word_1_38' title='bbox 340 1110 437 1210; x_wconf 75' lang='lat' dir='ltr'><strong>quod</strong></span> <span class='ocrx_word' id='word_1_39' title='bbox 455 1109 663 1186; x_wconf 92' lang='lat' dir='ltr'><strong>comitatum</strong></span> <span class='ocrx_word' id='word_1_40' title='bbox 681 1109 890 1209; x_wconf 77' lang='lat' dir='ltr'><strong>Agrippina²</strong></span> <span class='ocrx_word' id='word_1_41' title='bbox 902 1111 1013 1208; x_wconf 88' lang='lat' dir='ltr'><strong>longo</strong></span> <span class='ocrx_word' id='word_1_42' title='bbox 1026 1108 1247 1184; x_wconf 85' lang='lat' dir='ltr'><strong>maeroreses·</strong></span> 
     </span>
     <span class='ocr_line' id='line_1_8' title="bbox 260 1224 1104 1322; baseline -0.001 -18"><span class='ocrx_word' id='word_1_43' title='bbox 260 1231 350 1322; x_wconf 88' lang='lat' dir='ltr'><strong>sum,</strong></span> <span class='ocrx_word' id='word_1_44' title='bbox 376 1231 521 1305; x_wconf 77' lang='lat' dir='ltr'><strong>obvii&#39;&amp;</strong></span> <span class='ocrx_word' id='word_1_45' title='bbox 533 1249 686 1304; x_wconf 86' lang='lat' dir='ltr'><strong>recentes</strong></span> <span class='ocrx_word' id='word_1_46' title='bbox 704 1230 740 1302; x_wconf 88' lang='lat' dir='ltr'><strong>in</strong></span> <span class='ocrx_word' id='word_1_47' title='bbox 755 1231 877 1303; x_wconf 90' lang='lat' dir='ltr'><strong>dolore</strong></span> <span class='ocrx_word' id='word_1_48' title='bbox 889 1224 1077 1305; x_wconf 81' lang='lat' dir='ltr'><strong>anteibant.</strong></span> <span class='ocrx_word' id='word_1_49' title='bbox 1101 1249 1104 1253; x_wconf 81' lang='grc'>’</span> 
     </span>
     <span class='ocr_line' id='line_1_9' title="bbox 310 1349 1248 1448; baseline -0.001 -23"><span class='ocrx_word' id='word_1_50' title='bbox 310 1355 356 1425; x_wconf 92' lang='lat' dir='ltr'><strong>ll.</strong></span> <span class='ocrx_word' id='word_1_51' title='bbox 371 1355 563 1427; x_wconf 65' lang='lat' dir='ltr'><strong>Muenna·</strong></span> <span class='ocrx_word' id='word_1_52' title='bbox 577 1354 663 1425; x_wconf 90' lang='lat' dir='ltr'><strong>duas</strong></span> <span class='ocrx_word' id='word_1_53' title='bbox 676 1351 852 1448; x_wconf 88' lang='lat' dir='ltr'><strong>praetorias</strong></span> <span class='ocrx_word' id='word_1_54' title='bbox 865 1349 1159 1441; x_wconf 72' lang='lat' dir='ltr'><strong>cohortesCaesar,</strong></span> <span class='ocrx_word' id='word_1_55' title='bbox 1186 1353 1248 1424; x_wconf 87' lang='lat' dir='ltr'><strong>atl-</strong></span> 
     </span>
     <span class='ocr_line' id='line_1_10' title="bbox 263 1471 1244 1571; baseline 0.003 -27"><span class='ocrx_word' id='word_1_56' title='bbox 263 1472 340 1545; x_wconf 91' lang='lat' dir='ltr'><strong>dito</strong></span> <span class='ocrx_word' id='word_1_57' title='bbox 358 1480 437 1545; x_wconf 92' lang='lat' dir='ltr'><strong>“ut</strong></span> <span class='ocrx_word' id='word_1_58' title='bbox 453 1472 669 1571; x_wconf 83' lang='lat' dir='ltr'><strong>magistratus</strong></span> <span class='ocrx_word' id='word_1_59' title='bbox 686 1472 871 1562; x_wconf 79' lang='lat' dir='ltr'><strong>Calabriae,</strong></span> <span class='ocrx_word' id='word_1_60' title='bbox 898 1471 1127 1570; x_wconf 82' lang='lat' dir='ltr'><strong>Apulique&amp;</strong></span> <span class='ocrx_word' id='word_1_61' title='bbox 1140 1473 1244 1547; x_wconf 91' lang='lat' dir='ltr'><strong>Cam·</strong></span> 
     </span>
     <span class='ocr_line' id='line_1_11' title="bbox 264 1576 1338 1691; baseline 0.001 -25"><span class='ocrx_word' id='word_1_62' title='bbox 264 1601 291 1637; x_wconf 92' lang='lat'><strong>“</strong></span> <span class='ocrx_word' id='word_1_63' title='bbox 310 1593 405 1690; x_wconf 90' lang='lat' dir='ltr'><strong>pani,</strong></span> <span class='ocrx_word' id='word_1_64' title='bbox 432 1590 591 1690; x_wconf 90' lang='lat' dir='ltr'><strong>suprema</strong></span> <span class='ocrx_word' id='word_1_65' title='bbox 606 1618 690 1691; x_wconf 83' lang='lat' dir='ltr'><strong>erga</strong></span> <span class='ocrx_word' id='word_1_66' title='bbox 705 1576 913 1667; x_wconf 90' lang='lat' dir='ltr'><strong>memoriam</strong></span> <span class='ocrx_word' id='word_1_67' title='bbox 939 1591 1002 1664; x_wconf 88' lang='lat' dir='ltr'><strong>filii</strong></span> <span class='ocrx_word' id='word_1_68' title='bbox 1027 1588 1078 1666; x_wconf 92' lang='lat' dir='ltr'><strong>sui</strong></span> <span class='ocrx_word' id='word_1_69' title='bbox 1102 1619 1247 1667; x_wconf 85' lang='lat' dir='ltr'><strong>munera</strong></span> <span class='ocrx_word' id='word_1_70' title='bbox 1334 1627 1338 1641; x_wconf 59' lang='lat'>„</span> 
     </span>
     <span class='ocr_line' id='line_1_12' title="bbox 264 1713 1244 1813; baseline 0 -25"><span class='ocrx_word' id='word_1_71' title='bbox 264 1721 292 1757; x_wconf 93' lang='lat'><strong>“</strong></span> <span class='ocrx_word' id='word_1_72' title='bbox 310 1713 574 1813; x_wconf 85' lang='lat' dir='ltr'><strong>fungerentur.&#39;’</strong></span> <span class='ocrx_word' id='word_1_73' title='bbox 621 1713 736 1811; x_wconf 88' lang='lat' dir='ltr'><strong>Igitur</strong></span> <span class='ocrx_word' id='word_1_74' title='bbox 749 1713 970 1803; x_wconf 80' lang='lat' dir='ltr'><strong>tribunorum</strong></span> <span class='ocrx_word' id='word_1_75' title='bbox 980 1714 1244 1789; x_wconf 90' lang='lat' dir='ltr'><strong>centurionum-</strong></span> 
     </span>
     <span class='ocr_line' id='line_1_13' title="bbox 261 1823 1247 1933; baseline 0 -27"><span class='ocrx_word' id='word_1_76' title='bbox 261 1823 331 1931; x_wconf 80' lang='lat' dir='ltr'><strong>que</strong></span> <span class='ocrx_word' id='word_1_77' title='bbox 360 1834 513 1907; x_wconf 85' lang='lat' dir='ltr'><strong>humeris</strong></span> <span class='ocrx_word' id='word_1_78' title='bbox 546 1833 677 1907; x_wconf 88' lang='lat' dir='ltr'><strong>cineres</strong></span> <span class='ocrx_word' id='word_1_79' title='bbox 711 1836 963 1930; x_wconf 85' lang='lat' dir='ltr'><strong>portabantur:</strong></span> <span class='ocrx_word' id='word_1_80' title='bbox 1003 1833 1247 1933; x_wconf 81' lang='lat' dir='ltr'><strong>praecedebant</strong></span> 
     </span>
     <span class='ocr_line' id='line_1_14' title="bbox 259 1952 1247 2051; baseline 0.004 -26"><span class='ocrx_word' id='word_1_81' title='bbox 259 1953 440 2048; x_wconf 85' lang='lat' dir='ltr'><strong>incompta</strong></span> <span class='ocrx_word' id='word_1_82' title='bbox 466 1957 574 2050; x_wconf 76' lang='lat' dir='ltr'><strong>signa,</strong></span> <span class='ocrx_word' id='word_1_83' title='bbox 601 1956 686 2026; x_wconf 79' lang='lat' dir='ltr'><strong>versr</strong></span> <span class='ocrx_word' id='word_1_84' title='bbox 705 1952 819 2026; x_wconf 74' lang='lat' dir='ltr'><strong>vfasces</strong></span> <span class='ocrx_word' id='word_1_85' title='bbox 836 1982 849 2025; x_wconf 86' lang='lat'><strong>:-</strong></span> <span class='ocrx_word' id='word_1_86' title='bbox 872 1974 977 2051; x_wconf 85' lang='lat' dir='ltr'><strong>atque</strong></span> <span class='ocrx_word' id='word_1_87' title='bbox 1002 1955 1064 2028; x_wconf 85' lang='lat' dir='ltr'><strong>ubi</strong></span> <span class='ocrx_word' id='word_1_88' title='bbox 1091 1955 1247 2029; x_wconf 89' lang='lat' dir='ltr'><strong>colonias</strong></span> 
     </span>
     <span class='ocr_line' id='line_1_15' title="bbox 259 2069 1244 2171; baseline 0.003 -27"><span class='ocrx_word' id='word_1_89' title='bbox 259 2069 585 2170; x_wconf 85' lang='lat' dir='ltr'><strong>transgrederentur,</strong></span> <span class='ocrx_word' id='word_1_90' title='bbox 619 2092 727 2144; x_wconf 82' lang='lat' dir='ltr'><strong>atrata</strong></span> <span class='ocrx_word' id='word_1_91' title='bbox 752 2072 884 2169; x_wconf 90' lang='lat' dir='ltr'><strong>plebes,</strong></span> <span class='ocrx_word' id='word_1_92' title='bbox 926 2074 1069 2146; x_wconf 84' lang='lat' dir='ltr'><strong>trabeati</strong></span> <span class='ocrx_word' id='word_1_93' title='bbox 1094 2073 1244 2171; x_wconf 87' lang='lat' dir='ltr'><strong>equites,</strong></span> 
     </span>
     <span class='ocr_line' id='line_1_16' title="bbox 260 2191 1243 2291; baseline 0.005 -26"><span class='ocrx_word' id='word_1_94' title='bbox 260 2212 324 2291; x_wconf 86' lang='lat' dir='ltr'><strong>pro</strong></span> <span class='ocrx_word' id='word_1_95' title='bbox 341 2192 467 2290; x_wconf 89' lang='lat' dir='ltr'><strong>opibus</strong></span> <span class='ocrx_word' id='word_1_96' title='bbox 485 2192 566 2281; x_wconf 81' lang='lat' dir='ltr'><strong>loci,</strong></span> <span class='ocrx_word' id='word_1_97' title='bbox 593 2191 736 2282; x_wconf 85' lang='lat' dir='ltr'><strong>vestem,</strong></span> <span class='ocrx_word' id='word_1_98' title='bbox 764 2192 907 2282; x_wconf 81' lang='lat' dir='ltr'><strong>odores,</strong></span> <span class='ocrx_word' id='word_1_99' title='bbox 927 2191 1064 2289; x_wconf 85' lang='lat' dir='ltr'><strong>aliaque</strong></span> <span class='ocrx_word' id='word_1_100' title='bbox 1076 2191 1243 2271; x_wconf 85' lang='lat' dir='ltr'><strong>funerum</strong></span> 
     </span>
     <span class='ocr_line' id='line_1_17' title="bbox 260 2307 1243 2411; baseline -0.003 -24"><span class='ocrx_word' id='word_1_101' title='bbox 260 2307 438 2390; x_wconf 75' lang='lat' dir='ltr'><strong>sollemnia</strong></span> <span class='ocrx_word' id='word_1_102' title='bbox 448 2314 650 2386; x_wconf 83' lang='lat' dir='ltr'><strong>cremabant</strong></span> <span class='ocrx_word' id='word_1_103' title='bbox 665 2337 676 2384; x_wconf 72' lang='lat' dir='ltr'><strong>a</strong></span> <span class='ocrx_word' id='word_1_104' title='bbox 702 2309 807 2386; x_wconf 87' lang='lat' dir='ltr'><strong>etiam</strong></span> <span class='ocrx_word' id='word_1_105' title='bbox 820 2336 973 2411; x_wconf 89' lang='lat' dir='ltr'><strong>quorum</strong></span> <span class='ocrx_word' id='word_1_106' title='bbox 989 2311 1122 2385; x_wconf 85' lang='lat' dir='ltr'><strong>diversa</strong></span> <span class='ocrx_word' id='word_1_107' title='bbox 1139 2311 1243 2409; x_wconf 90' lang='lat' dir='ltr'><strong>oppi-</strong></span> 
     </span>
     <span class='ocr_line' id='line_1_18' title="bbox 260 2431 1243 2531; baseline -0.001 -24"><span class='ocrx_word' id='word_1_108' title='bbox 260 2435 320 2524; x_wconf 88' lang='lat' dir='ltr'><strong>da,</strong></span> <span class='ocrx_word' id='word_1_109' title='bbox 346 2452 464 2507; x_wconf 91' lang='lat' dir='ltr'><strong>tamen</strong></span> <span class='ocrx_word' id='word_1_110' title='bbox 482 2434 593 2524; x_wconf 92' lang='lat' dir='ltr'><strong>obvii,</strong></span> <span class='ocrx_word' id='word_1_111' title='bbox 621 2438 655 2506; x_wconf 75' lang='grc' dir='ltr'><strong>δι</strong></span> <span class='ocrx_word' id='word_1_112' title='bbox 672 2433 830 2507; x_wconf 68' lang='lat' dir='ltr'><strong>vislimas</strong></span> <span class='ocrx_word' id='word_1_113' title='bbox 846 2454 950 2531; x_wconf 91' lang='lat' dir='ltr'><strong>atque</strong></span> <span class='ocrx_word' id='word_1_114' title='bbox 959 2457 1034 2506; x_wconf 85' lang='lat' dir='ltr'><strong>aras</strong></span> <span class='ocrx_word' id='word_1_115' title='bbox 1046 2431 1110 2506; x_wconf 88' lang='lat' dir='ltr'><strong>diis</strong></span> <span class='ocrx_word' id='word_1_116' title='bbox 1120 2433 1243 2506; x_wconf 69' lang='lat' dir='ltr'><strong>Mani·</strong></span> 
     </span>
     <span class='ocr_line' id='line_1_19' title="bbox 151 2553 1244 2646; baseline -0.002 -17"><span class='ocrx_word' id='word_1_117' title='bbox 151 2585 156 2601; x_wconf 75' lang='lat'><strong><em>⁴</em></strong></span> <span class='ocrx_word' id='word_1_118' title='bbox 259 2557 325 2629; x_wconf 88' lang='lat' dir='ltr'><strong>bus</strong></span> <span class='ocrx_word' id='word_1_119' title='bbox 342 2556 545 2646; x_wconf 77' lang='lat' dir='ltr'><strong>stamentes,</strong></span> <span class='ocrx_word' id='word_1_120' title='bbox 568 2554 770 2629; x_wconf 89' lang='lat' dir='ltr'><strong>lacrimis&amp;</strong></span> <span class='ocrx_word' id='word_1_121' title='bbox 789 2553 1126 2628; x_wconf 88' lang='lat' dir='ltr'><strong>conclamationibus</strong></span> <span class='ocrx_word' id='word_1_122' title='bbox 1141 2555 1244 2627; x_wconf 89' lang='lat' dir='ltr'><strong>dolo·</strong></span> 
     </span>
     <span class='ocr_line' id='line_1_20' title="bbox 258 2673 1244 2772; baseline 0 -23"><span class='ocrx_word' id='word_1_123' title='bbox 258 2696 333 2749; x_wconf 89' lang='lat' dir='ltr'><strong>rem</strong></span> <span class='ocrx_word' id='word_1_124' title='bbox 359 2676 581 2757; x_wconf 86' lang='lat' dir='ltr'><strong>testabantur.</strong></span> <span class='ocrx_word' id='word_1_125' title='bbox 631 2673 766 2749; x_wconf 85' lang='lat' dir='ltr'><strong>Drusus</strong></span> <span class='ocrx_word' id='word_1_126' title='bbox 788 2673 1017 2748; x_wconf 88' lang='lat' dir='ltr'><strong>Tarracinam</strong></span> <span class='ocrx_word' id='word_1_127' title='bbox 1046 2676 1244 2772; x_wconf 84' lang='lat' dir='ltr'><strong>progressus</strong></span> 
     </span>
     <span class='ocr_line' id='line_1_21' title="bbox 258 2792 1242 2893; baseline -0.001 -23"><span class='ocrx_word' id='word_1_128' title='bbox 258 2797 321 2887; x_wconf 80' lang='lat' dir='ltr'><strong>est,</strong></span> <span class='ocrx_word' id='word_1_129' title='bbox 348 2820 433 2871; x_wconf 92' lang='lat' dir='ltr'><strong>cum</strong></span> <span class='ocrx_word' id='word_1_130' title='bbox 443 2796 593 2870; x_wconf 91' lang='lat' dir='ltr'><strong>Claudio</strong></span> <span class='ocrx_word' id='word_1_131' title='bbox 602 2796 719 2885; x_wconf 90' lang='lat' dir='ltr'><strong>fratre,</strong></span> <span class='ocrx_word' id='word_1_132' title='bbox 739 2792 923 2893; x_wconf 89' lang='lat' dir='ltr'><strong>liberisque</strong></span> <span class='ocrx_word' id='word_1_133' title='bbox 941 2792 1157 2886; x_wconf 88' lang='lat' dir='ltr'><strong>Germanici,</strong></span> <span class='ocrx_word' id='word_1_134' title='bbox 1179 2795 1242 2892; x_wconf 90' lang='lat' dir='ltr'><strong>qui</strong></span> 
     </span>
     <span class='ocr_line' id='line_1_22' title="bbox 258 2914 1243 2991; baseline 0 -2"><span class='ocrx_word' id='word_1_135' title='bbox 258 2916 295 2989; x_wconf 84' lang='lat' dir='ltr'><strong>in</strong></span> <span class='ocrx_word' id='word_1_136' title='bbox 307 2919 409 2990; x_wconf 92' lang='lat' dir='ltr'><strong>Urbe</strong></span> <span class='ocrx_word' id='word_1_137' title='bbox 421 2918 567 2991; x_wconf 75' lang='lat' dir='ltr'><strong>suertmt.</strong></span> <span class='ocrx_word' id='word_1_138' title='bbox 618 2916 784 2991; x_wconf 90' lang='lat' dir='ltr'><strong>Consules</strong></span> <span class='ocrx_word' id='word_1_139' title='bbox 797 2918 854 2989; x_wconf 92' lang='lat' dir='ltr'><strong>M.</strong></span> <span class='ocrx_word' id='word_1_140' title='bbox 880 2915 1037 2990; x_wconf 86' lang='lat' dir='ltr'><strong>Valerius</strong></span> <span class='ocrx_word' id='word_1_141' title='bbox 1054 2918 1088 2987; x_wconf 72' lang='grc' dir='ltr'><strong>ὅτ</strong></span> <span class='ocrx_word' id='word_1_142' title='bbox 1105 2914 1147 2987; x_wconf 87' lang='lat' dir='ltr'><strong>C.</strong></span> <span class='ocrx_word' id='word_1_143' title='bbox 1167 2921 1243 2989; x_wconf 90' lang='lat' dir='ltr'><strong>Au·</strong></span> 
     </span>
     <span class='ocr_line' id='line_1_23' title="bbox 258 3025 1241 3137; baseline -0.002 -25"><span class='ocrx_word' id='word_1_144' title='bbox 258 3035 362 3125; x_wconf 85' lang='lat' dir='ltr'><strong>relius</strong></span> <span class='ocrx_word' id='word_1_145' title='bbox 376 3035 465 3136; x_wconf 74' lang='lat' dir='ltr'><strong>(jam</strong></span> <span class='ocrx_word' id='word_1_146' title='bbox 482 3038 576 3111; x_wconf 90' lang='lat' dir='ltr'><strong>enim</strong></span> <span class='ocrx_word' id='word_1_147' title='bbox 594 3037 832 3137; x_wconf 84' lang='lat' dir='ltr'><strong>magistratum</strong></span> <span class='ocrx_word' id='word_1_148' title='bbox 843 3025 1085 3135; x_wconf 82' lang='lat' dir='ltr'><strong>occoeperant)</strong></span> <span class='ocrx_word' id='word_1_149' title='bbox 1101 3036 1241 3111; x_wconf 90' lang='lat' dir='ltr'><strong>&amp;sena-</strong></span> 
     </span>
     <span class='ocr_line' id='line_1_24' title="bbox 81 3157 1240 3257; baseline 0.003 -30"><span class='ocrx_word' id='word_1_150' title='bbox 81 3158 84 3164; x_wconf 77' lang='grc'>’</span> <span class='ocrx_word' id='word_1_151' title='bbox 172 3221 178 3227; x_wconf 90' lang='grc'><strong>.</strong></span> <span class='ocrx_word' id='word_1_152' title='bbox 258 3179 327 3250; x_wconf 89' lang='lat' dir='ltr'><strong>tus,</strong></span> <span class='ocrx_word' id='word_1_153' title='bbox 356 3183 395 3231; x_wconf 88' lang='lat' dir='ltr'><strong>ac</strong></span> <span class='ocrx_word' id='word_1_154' title='bbox 414 3183 542 3257; x_wconf 82' lang='lat' dir='ltr'><strong>magna</strong></span> <span class='ocrx_word' id='word_1_155' title='bbox 559 3184 639 3255; x_wconf 89' lang='lat' dir='ltr'><strong>pars</strong></span> <span class='ocrx_word' id='word_1_156' title='bbox 657 3157 779 3256; x_wconf 90' lang='lat' dir='ltr'><strong>populi</strong></span> <span class='ocrx_word' id='word_1_157' title='bbox 796 3158 891 3231; x_wconf 88' lang='lat' dir='ltr'><strong>viam</strong></span> <span class='ocrx_word' id='word_1_158' title='bbox 907 3159 1143 3255; x_wconf 59' lang='lat' dir='ltr'><strong>complevsre,</strong></span> <span class='ocrx_word' id='word_1_159' title='bbox 1169 3157 1240 3231; x_wconf 85' lang='lat' dir='ltr'><strong>dis-</strong></span> 
     </span>
     <span class='ocr_line' id='line_1_25' title="bbox 251 3276 1242 3377; baseline -0.003 -22.292"><span class='ocrx_word' id='word_1_160' title='bbox 251 3277 350 3375; x_wconf 63' lang='lat' dir='ltr'><strong>jeai,</strong></span> <span class='ocrx_word' id='word_1_161' title='bbox 379 3282 464 3352; x_wconf 85' lang='lat' dir='ltr'><strong>&amp;ut</strong></span> <span class='ocrx_word' id='word_1_162' title='bbox 477 3276 604 3376; x_wconf 90' lang='lat' dir='ltr'><strong>cuique</strong></span> <span class='ocrx_word' id='word_1_163' title='bbox 614 3276 768 3366; x_wconf 90' lang='lat' dir='ltr'><strong>libitum,</strong></span> <span class='ocrx_word' id='word_1_164' title='bbox 795 3281 943 3352; x_wconf 88' lang='lat' dir='ltr'><strong>flentes:</strong></span> <span class='ocrx_word' id='word_1_165' title='bbox 971 3282 1089 3352; x_wconf 84' lang='lat' dir='ltr'><strong>aberat</strong></span> <span class='ocrx_word' id='word_1_166' title='bbox 1108 3278 1242 3377; x_wconf 89' lang='lat' dir='ltr'><strong>quippe</strong></span> 
     </span>
     <span class='ocr_line' id='line_1_26' title="bbox 108 3397 1239 3499; baseline 0.001 -30"><span class='ocrx_word' id='word_1_167' title='bbox 108 3416 109 3419; x_wconf 74' lang='grc'>’</span> <span class='ocrx_word' id='word_1_168' title='bbox 257 3398 426 3490; x_wconf 86' lang='lat' dir='ltr'><strong>adulatio,</strong></span> <span class='ocrx_word' id='word_1_169' title='bbox 453 3397 569 3499; x_wconf 84' lang='lat' dir='ltr'><strong>gnaris</strong></span> <span class='ocrx_word' id='word_1_170' title='bbox 581 3397 746 3472; x_wconf 88' lang='lat' dir='ltr'><strong>omnibus</strong></span> <span class='ocrx_word' id='word_1_171' title='bbox 759 3399 876 3472; x_wconf 81' lang='lat' dir='ltr'><strong>laetatn</strong></span> <span class='ocrx_word' id='word_1_172' title='bbox 892 3398 1037 3473; x_wconf 83' lang='lat' dir='ltr'><strong>Tiberio</strong></span> <span class='ocrx_word' id='word_1_173' title='bbox 1054 3399 1239 3472; x_wconf 52' lang='lat' dir='ltr'><strong>Germani*</strong></span> 
     </span>
     <span class='ocr_line' id='line_1_27' title="bbox 258 3515 796 3592; baseline 0 -2"><span class='ocrx_word' id='word_1_174' title='bbox 258 3517 290 3590; x_wconf 88' lang='lat' dir='ltr'><strong>ci</strong></span> <span class='ocrx_word' id='word_1_175' title='bbox 307 3537 459 3591; x_wconf 92' lang='lat' dir='ltr'><strong>mortem</strong></span> <span class='ocrx_word' id='word_1_176' title='bbox 476 3519 567 3592; x_wconf 68' lang='lat' dir='ltr'><strong>male</strong></span> <span class='ocrx_word' id='word_1_177' title='bbox 582 3515 796 3591; x_wconf 83' lang='lat' dir='ltr'><strong>diffunulari.</strong></span> 
     </span>
     <span class='ocr_line' id='line_1_28' title="bbox 305 3634 1236 3737; baseline -0.004 -27"><span class='ocrx_word' id='word_1_178' title='bbox 305 3638 368 3710; x_wconf 93' lang='lat' dir='ltr'><strong>Ill.</strong></span> <span class='ocrx_word' id='word_1_179' title='bbox 394 3636 593 3713; x_wconf 77' lang='lat' dir='ltr'><strong>Trnrnrus</strong></span> <span class='ocrx_word' id='word_1_180' title='bbox 626 3659 731 3737; x_wconf 89' lang='lat' dir='ltr'><strong>atque</strong></span> <span class='ocrx_word' id='word_1_181' title='bbox 764 3639 926 3737; x_wconf 85' lang='lat' dir='ltr'><strong>Augusta</strong></span> <span class='ocrx_word' id='word_1_182' title='bbox 959 3637 1102 3736; x_wconf 90' lang='lat' dir='ltr'><strong>publico</strong></span> <span class='ocrx_word' id='word_1_183' title='bbox 1133 3634 1236 3707; x_wconf 84' lang='lat' dir='ltr'><strong>absti-</strong></span> 
     </span>
     <span class='ocr_line' id='line_1_29' title="bbox 139 3755 1236 3859; baseline -0.002 -29"><span class='ocrx_word' id='word_1_184' title='bbox 139 3826 141 3830; x_wconf 12' lang='grc' dir='ltr'><strong><em>μ</em></strong></span> <span class='ocrx_word' id='word_1_185' title='bbox 259 3759 386 3843; x_wconf 66' lang='grc' dir='ltr'><strong>ηυὲτσς</strong></span> <span class='ocrx_word' id='word_1_186' title='bbox 413 3755 555 3856; x_wconf 85' lang='lat' dir='ltr'><strong>inferius</strong></span> <span class='ocrx_word' id='word_1_187' title='bbox 572 3757 744 3859; x_wconf 84' lang='lat' dir='ltr'><strong>majestate</strong></span> <span class='ocrx_word' id='word_1_188' title='bbox 757 3759 816 3834; x_wconf 66' lang='lat' dir='ltr'><strong>sul</strong></span> <span class='ocrx_word' id='word_1_189' title='bbox 832 3759 910 3851; x_wconf 91' lang='lat' dir='ltr'><strong>rati,</strong></span> <span class='ocrx_word' id='word_1_190' title='bbox 938 3759 1089 3856; x_wconf 82' lang='lat' dir='ltr'><strong>sipalam</strong></span> <span class='ocrx_word' id='word_1_191' title='bbox 1101 3756 1236 3836; x_wconf 82' lang='lat' dir='ltr'><strong>lamen-</strong></span> 
     </span>
    </p>
   </div>
   <div class='ocr_carea' id='block_1_3' title="bbox 0 0 1402 4724">
    <p class='ocr_par' dir='ltr' id='par_1_3' title="bbox 0 0 1402 4724">
     <span class='ocr_line' id='line_1_30' title="bbox 0 0 1402 4724; baseline 0 2"><span class='ocrx_word' id='word_1_192' title='bbox 0 0 1402 4724; x_wconf 95' lang='lat' dir='ltr'><strong> </strong></span> 
     </span>
    </p>
   </div>
  </div>
 </body>
</html>
