2834 4732
355 358 731 468 'Auernum
765 351 887 428 Lrls.
921 353 1013 466 ΙΙ..
1091 378 1157 458 113

186 533 269 607 cum
292 550 367 604 orta
387 530 570 629 tempestas
585 548 719 628 raperet
740 528 777 602 in
794 531 956 626 abrupta,
982 532 1160 629 polletque

185 652 340 726 interitus
357 651 489 724 inimici
501 652 546 724 ad
563 647 679 725 casum
691 646 821 737 referri,
840 647 968 721 miserit
990 648 1159 741 triremes,

186 797 334 870 quarum
351 770 502 845 subsidio
514 768 703 843 discrimini
717 768 940 841 eximeretur.
958 770 1086 867 Neque
1109 791 1160 843 taq

184 918 265 981 men
289 893 467 991 mitigatus
490 890 583 980 Pis0,
607 890 645 962 δι
670 888 732 961 vix
768 888 837 960 diei
871 914 1006 961 moram
1027 890 1161 987 perpes·
1260 949 1262 963 .

182 1011 248 1102 sus,
279 1011 406 1109 linquit
431 1009 698 1099 Germanicum,
718 1008 978 1106 praevenitque:
1006 1009 1043 1080 δι
1069 1009 1161 1106 ροίὶὸ

186 1155 292 1231 quam
315 1133 447 1229 Syriam
470 1153 511 1205 ac
537 1128 695 1228 legiones
713 1128 840 1225 attigit,
865 1128 1063 1227 largitione,
1087 1157 1159 1204 am·
1260 1172 1264 1192 ι

185 1253 275 1344 bitu,
299 1253 456 1326 infirmos
480 1248 752 1346 manipularium
784 1245 959 1345 juvand0,
994 1252 1077 1324 citm
1101 1278 1161 1325 ve·

186 1392 275 1444 teres
300 1371 532 1459 centuriones,
571 1369 707 1442 severos
747 1367 903 1441 tribunos
942 1371 1161 1462 demoveret,

189 1494 336 1589 locaque
361 1513 480 1564 eorum
502 1489 683 1563 clientibus
698 1485 779 1578 suis,
809 1489 866 1560 vel
887 1488 1074 1563 deterrimo
1088 1493 1162 1565 cui·

136 1608 138 1619 ⁴
187 1637 258 1708 que
280 1611 496 1701 attribueret,
522 1609 688 1683 desidiam
711 1609 746 1681 in
775 1606 901 1697 castris,
928 1609 1105 1684 licentiam
1126 1611 1162 1685 in

187 1729 346 1821 urbibus,
364 1755 499 1830 vagum
522 1754 561 1803 ac
575 1727 806 1837 lascivientem
825 1754 887 1826 per
902 1754 1008 1827 agros.
1016 1731 1163 1805 militem
1195 1734 1198 1740 ’

187 1856 320 1941 smeret,
350 1851 392 1924 eb
420 1850 529 1949 usque
558 1837 787 1947 corruptionis
812 1852 995 1948 provectus
1023 1851 1086 1943 est,
1124 1874 1164 1926 ut

184 1971 343 2044 sermone
365 1971 478 2070 vulgi,
496 1991 615 2068 parens
642 1968 789 2068 legionum
812 1972 1006 2046 haberetur.
1085 1975 1164 2048 Nec
1235 2058 1238 2070 s

185 2092 350 2166 Plancina
386 2092 419 2166 se
455 2092 545 2165 intra
581 2093 710 2165 decora
737 2088 875 2164 feminis
903 2094 1043 2166 tenebat
1056 2099 1068 2179 ’ς
1106 2094 1165 2167 sed

182 2213 346 2288 exercitio
359 2214 534 2312 equitum,
548 2213 750 2286 decursibus
762 2212 961 2288 cohortium
983 2215 1138 2288 interesse
1152 2244 1161 2289 t

181 2333 218 2407 in
241 2334 490 2432 Agrippinam,
520 2333 557 2405 in
578 2332 832 2419 Germanicum
861 2334 1087 2407 contumelias
1109 2334 1164 2432 ja·

184 2481 286 2531 cere:
329 2452 539 2552 quibusdam
575 2453 680 2527 etiam
718 2455 895 2527 bonorum
930 2450 1083 2528 militum
1119 2458 1166 2529 ad

184 2576 276 2647 mala
292 2569 457 2670 obsequia
470 2573 655 2671 promptis,
682 2573 794 2671 qubd,
820 2580 847 2615 “
864 2573 957 2646 haud
969 2572 1081 2647 invito
1098 2574 1165 2649 im·

185 2699 212 2734 “
231 2712 398 2789 peratore,
424 2717 464 2767 ea
486 2677 585 2765 fieri„
609 2696 767 2768 occultus
784 2720 904 2769 rumor
921 2694 1113 2768 incedebat.

232 2814 329 2886 LVI.
355 2816 474 2888 Nor-A
498 2816 572 2888 haec
594 2815 833 2901 Germanico;
858 2813 917 2887 sed
941 2814 1098 2910 praeverti
1119 2817 1165 2889 ad

185 2933 369 3006 Armenios
385 2934 564 3007 instantior
575 2961 658 3009 cura
674 2935 752 3009 suit.
802 2934 985 3033 Ambigua
1015 2959 1099 3033 gens
1124 2962 1165 3010 ea

183 3052 384 3149 antiquitus,
411 3053 598 3127 hominum
620 3055 782 3156 ingeniis,
823 3059 857 3129 δι
892 3059 954 3129 srtu
982 3075 1164 3145 terrarum,

184 3200 257 3273 quo
284 3171 406 3246 nostris
431 3173 616 3271 provinciis
637 3176 704 3250 late
730 3195 906 3273 praetenta,
945 3175 1081 3272 penitus
1120 3176 1165 3248 ad

184 3295 315 3368 Medos
328 3292 528 3392 porrigitur,
554 3295 785 3393 maximisque
806 3294 961 3392 imperiis
982 3291 1163 3391 interjecti,

181 3412 219 3484 δι
235 3410 356 3510 sapius
372 3413 544 3487 discordes
567 3414 657 3507 sunt,
685 3417 851 3491 adversbs
869 3421 1050 3490 Romanos
1067 3416 1163 3508 odio,

184 3540 217 3608 dc
242 3534 279 3607 in
300 3535 470 3607 Parthum
498 3535 639 3609 invidis.
702 3541 842 3636 Regem
871 3536 928 3608 illa
965 3538 1166 3634 tempestate

183 3682 253 3728 non
281 3655 481 3744 habebant,
498 3676 616 3727 amoto
628 3655 800 3730 Vonone:
826 3656 884 3730 sed
898 3656 998 3730 favor
1016 3658 1164 3732 nationis

184 3775 371 3851 inclinabat
394 3775 429 3850 in
451 3778 650 3866 Zenonem,
677 3778 876 3852 Polemonis
904 3779 995 3879 regis
1028 3775 1164 3851 Pontici

575 3936 577 3943 s
683 3898 701 3972 I
