2834 4732
263 329 307 398 82
422 322 1014 396 C.Connssi'11Tnctr1

264 506 292 541 “
306 525 380 587 nos,
408 496 465 569 sed
481 499 504 568 fi
521 496 605 569 ratio
621 496 717 585 adsit,
746 493 894 568 silvas&
911 493 1029 567 saltus:
1061 519 1125 568 nec
1144 495 1236 570 enirn

263 626 289 661 “
303 612 468 689 immensa
507 619 732 690 barbarorum
771 614 877 706 scuta,
923 641 1079 688 enormes
1112 617 1236 706 hastos,

262 736 389 809 “inter
415 758 560 810 truncos.
578 739 757 826 arborum,
785 741 817 808 &
843 756 941 808 enata
964 738 1073 808 humo
1102 735 1235 834 virgul-

261 866 288 900 “
302 879 350 947 ta,
382 854 524 954 perinde
552 856 670 930 haberi
700 859 807 955 qum
837 857 919 954 pila,
955 860 988 930 δι
1019 856 1165 954 gladios,
1201 862 1237 930 ὅτ

260 985 287 1020 “
302 977 464 1050 haerentia
481 977 617 1073 corpori
640 978 817 1074 tegmina:
849 975 1028 1050 densarent
1045 977 1144 1066 istus,
1175 1004 1236 1049 ora

261 1105 289 1140 “
302 1082 527 1170 mucronibus
550 1105 766 1194 quaererent:
788 1084 867 1170 'non
884 1097 1027 1177 loricam
1044 1100 1236 1187 Germano,

52 1311 59 1322 ,
164 1249 173 1252 ·
261 1225 374 1290 “non
408 1220 566 1315 galeam
602 1244 645 1290 ne
672 1216 764 1291 scuto
792 1218 935 1314 quidem
964 1217 1052 1291 ferro
1086 1243 1237 1293 nervove

262 1346 289 1380 “
305 1341 453 1426 firmata,
483 1335 540 1410 sed
557 1337 732 1410 viminum
756 1358 886 1428 textus,
912 1340 969 1411 vel
986 1360 1107 1442 tenues
1133 1343 1166 1410 &
1184 1337 1237 1411 fu-

263 1466 290 1499 “
305 1479 395 1531 catos
412 1460 527 1530 colore
557 1459 712 1530 tabulas:
749 1458 896 1555 primam
913 1479 1105 1555 utcumque
1130 1459 1238 1531 aciem

265 1586 293 1620 “
308 1578 493 1663 hastatam3
525 1577 657 1667 ceteris,
688 1579 831 1675 praeusta
848 1570 907 1651 ant
924 1579 1042 1651 brevia
1054 1560 1143 1651 tela:
1164 1576 1239 1676 jam

265 1706 292 1740 “
306 1725 443 1796 corpus,
478 1718 515 1771 ut
540 1698 611 1770 visu
641 1720 795 1791 torvum,
824 1706 857 1795 ἃ
883 1701 926 1772 ad
961 1702 1104 1773 brevem
1131 1700 1239 1797 impe-

265 1827 382 1892 “tum
415 1802 587 1907 validum
603 1868 606 1876 ,
633 1822 677 1891 fic
709 1822 805 1894 nulli
838 1822 1023 1893 vulnerum
1056 1820 1252 1917 patientinz.

265 1943 374 2012 “fine
404 1940 539 2034 pudore
568 1937 702 2035 flagitii,
739 1942 806 2009 sine
839 1943 920 2010 curri
953 1941 1098 2029 ducum,
1133 1942 1239 2030 abire,

177 2132 188 2143 ,
221 2112 222 2115 ,
265 2057 448 2154 “fugere;
480 2056 624 2151 pavidos
653 2057 824 2140 adverfis3
858 2057 947 2128 inter
974 2058 1135 2147 secunda,
1168 2085 1241 2132 non

265 2186 291 2221 “
306 2175 428 2265 divini,
460 2202 530 2248 non
558 2175 702 2248 hnmani
724 2172 813 2272 juris
841 2201 1025 2248 memores.
1074 2177 1109 2248 Si
1137 2179 1242 2252 taedio

191 2345 197 2355 ,
266 2298 442 2371 “viarum
460 2324 498 2371 ac
516 2296 618 2368 maris
635 2298 743 2369 finem
760 2296 913 2393 cupiant,
943 2299 1006 2370 haic
1023 2297 1096 2381 acie
1113 2299 1237 2394 parari:

268 2419 507 2516 “propiorem
523 2416 598 2515 jam
616 2418 754 2509 Albim,
785 2418 892 2516 quim
909 2419 1100 2490 Rhenum:
1128 2445 1242 2516 neque

267 2548 295 2584 “
311 2543 443 2615 bellum
460 2541 561 2628 ultro,
590 2537 697 2611 modo
720 2538 753 2611 se
773 2539 878 2637 patris
900 2538 1083 2636 patruique
1100 2539 1242 2638 vestigia

255 2669 296 2707 ·“
312 2680 542 2759 prementem,
567 2657 687 2732 iisdem
704 2660 739 2731 in
756 2659 849 2731 terris
869 2659 1037 2731 victorem
1061 2661 1243 2734 fisterent.”

266 2784 469 2856 Orationem
486 2779 582 2854 ducis
598 2779 731 2852 secutus
756 2779 907 2852 militum
933 2782 1035 2852 ardor
1046 2810 1058 2866 ς
1088 2785 1242 2879 fignum-

270 2928 338 2998 qne
356 2930 483 3000 pugnae
501 2903 633 2975 datum.

318 3024 399 3093 XV.
428 3023 515 3093 Nnc
536 3026 760 3113 Annrrnros,
793 3043 853 3096 aut
869 3023 971 3111 ceteri
987 3027 1244 3097 Germanonrm

270 3163 428 3237 proceres
454 3136 660 3213 omittebant
686 3141 764 3216 snos
790 3144 932 3244 quisque
958 3145 1091 3217 testari:
1123 3145 1244 3214 “Hos

157 3265 164 3273 ⁴
272 3269 297 3301 “
313 3259 378 3329 effe
412 3258 593 3328 Romanos
625 3260 764 3332 Variani
801 3265 969 3338 exercitiis
1000 3263 1242 3361 fugacissimos,

272 3375 432 3472 “quine
450 3375 581 3477 bellum
598 3379 794 3469 tolerarent,
827 3381 1027 3456 seditionem
1050 3383 1240 3456 induerint:

272 3501 299 3536 “
314 3520 465 3592 quorum
495 3520 572 3593 pars
604 3497 723 3570 onusta
750 3502 951 3578 vulneribus
982 3526 1132 3602 tergum,
1166 3526 1243 3596 pars

272 3604 300 3658 ‘²
314 3614 474 3688 fluctibus
499 3616 706 3713 &procellis
730 3617 857 3695 fratros
879 3644 983 3714 artus,
1013 3606 1146 3695 infensis
1169 3645 1242 3691 rur-

273 3743 299 3777 “
314 3735 387 3809 sum
405 3729 572 3826 hostibus,
595 3737 742 3813 advertis
759 3739 839 3837 diis,
866 3742 1041 3838 objiciant,
1067 3730 1162 3813 nullo
1179 3741 1242 3813 bo·
