2834 4732
230 353 233 363 ·
281 333 328 413 74
466 224 1083 394 iC.CoRnEL11Tn01T1

254 561 268 581 s
278 487 370 564 subit
397 490 525 587 pudor,
566 497 593 532 “
607 490 864 594 degeneravisse
894 492 1063 566 Parthos:
1110 495 1255 591 petitum

281 618 308 654 “
325 609 392 682 alio
409 637 453 683 ex
471 614 555 686 orbe
582 637 701 709 regem
729 611 881 684 hostium
909 612 1040 687 artibus
1054 613 1222 690 infectum
1243 646 1254 691 r

277 738 306 774 “
317 728 407 830 jam,
423 731 511 805 inter
528 731 723 830 provincias
740 735 921 806 Romanas
937 731 1059 806 solium
1072 732 1253 812 Arsacida-

154 880 161 899 s
246 860 306 896 '“
325 879 405 925 nrm
418 852 551 941 haberi,
569 851 727 950 darique.
778 851 854 925 Ubi
881 852 977 925 illam
1001 853 1152 952 gloriam
1179 877 1254 931 tru-

277 980 306 1017 “
325 973 529 1049 cidantium·
543 974 715 1062 Crassum,
752 973 1013 1048 exturbantium
1040 975 1251 1070 Antonium,

276 1088 305 1138 “
323 1093 576 1191 fimancipium
594 1091 746 1183 Casaris,
769 1113 822 1170 tot
839 1120 900 1191 per
921 1120 1031 1187 annos
1053 1089 1251 1174 servitutem

276 1224 305 1259 “
323 1217 535 1314 perpeffum,
573 1213 709 1286 Parthis
741 1213 917 1311 imperitet
933 1217 973 1287 ?’'
1026 1219 1254 1292 Accendebat

274 1336 505 1435 dedignantes
529 1341 562 1409 ὃς
588 1335 673 1433 ipse,
694 1330 846 1409 diversus
874 1332 1095 1433 amajotum
1119 1337 1253 1411 institu-

274 1457 331 1549 tis,
373 1483 450 1531 raro
476 1476 617 1546 venatu,
648 1454 745 1555 segni
769 1483 943 1555 equorum
964 1461 1068 1544 cur53
1094 1458 1255 1554 quotiens

274 1603 336 1676 per
362 1578 467 1651 urbes
493 1576 684 1667 incederet,
710 1578 841 1651 leeticae
864 1577 1067 1677 gestamine,
1095 1576 1255 1678 fastuque

274 1723 358 1796 erga
385 1697 511 1796 patrias
546 1700 690 1796 epulas:
731 1697 1029 1773 inridebantur&
1055 1699 1170 1773 Graeci
1195 1726 1254 1774 co-

273 1818 390 1909 mites,
431 1845 472 1892 ac
499 1818 656 1892 viliffima
679 1819 878 1895 utensilium
903 1822 1008 1894 anulo
1030 1819 1167 1894 clausa:
1194 1817 1253 1893 sed

273 1937 431 2039 prompti
467 1939 596 2031 aditus,
635 1939 742 2013 obvia
775 1941 937 2032 comitas,
969 1942 1098 2039 ignotae
1117 1939 1254 2016 Parthis

273 2060 430 2153 virtutes,
462 2087 556 2135 nova
587 2060 693 2147 vitia3
734 2061 773 2133 δε
813 2059 902 2158 quia.
917 2058 1070 2157 ipsorum
1098 2059 1253 2136 moribus

262 2181 394 2274 aliena,
420 2180 564 2281 perinde
587 2181 711 2254 odium
740 2180 855 2280 pravis
882 2185 915 2253 ἃ
938 2179 1101 2278 honestis,
1133 2247 1136 2262 ,

329 2306 393 2380 ΙΙΙ.
428 2307 570 2380 Iorrun
602 2304 801 2376 Artabanus
838 2298 1137 2375 Arsacidarume
1172 2299 1251 2375 san·

178 2459 182 2468 ·
272 2425 392 2523 guine,
423 2426 520 2524 apud
546 2425 665 2499 Dahas
688 2425 859 2514 adultus,
881 2420 1038 2511 excitur3
1065 2421 1253 2522 primoque

272 2547 458 2644 congressu
484 2544 591 2637 fusus,
617 2566 753 2642 reparat
777 2544 882 2635 vires,
906 2569 1087 2644 regnoque
1108 2543 1252 2644 potitur.
1277 2591 1286 2602 ι

168 2718 174 2733 „
230 2689 231 2694 ’
270 2666 380 2741 vitto
399 2665 541 2741 Vononi
578 2665 778 2764 perfugium
819 2665 988 2741 Armenia
1024 2663 1105 2757 fuit,
1143 2691 1254 2740 vacua

271 2806 370 2879 tunc,
401 2786 561 2886 interque
587 2789 795 2862 Parthorum
823 2792 857 2861 a
884 2790 1063 2862 Romanas
1088 2810 1174 2882 opes
1198 2785 1253 2857 in-

271 2910 359 3001 fida,
384 2912 433 2985 ob
460 2908 569 2986 scelus
593 2908 756 2998 Antonii,
780 2907 841 3006 qui
870 2904 1098 2997 Artavasden,
1133 2931 1254 3006 regem
1290 2937 1307 2949 ·

270 3030 538 3122 Armeniorum,
561 3029 672 3130 specie
689 3028 850 3104 amicitia
873 3027 1054 3118 inledum,
1088 3026 1172 3100 dein
1195 3054 1252 3102 ca-

268 3150 357 3244 tenis
371 3174 569 3240 oneratum,
590 3150 766 3248 postremo
783 3148 1011 3223 interfecerat.
1037 3137 1140 3246 'Ejus
1161 3147 1253 3221 filius

268 3272 449 3366 Artaxias,
479 3271 649 3346 memorii
673 3271 776 3368 patris
801 3270 902 3344 nobis
927 3269 1090 3361 infensus,
1116 3266 1253 3342 Arsaci·

268 3391 393 3466 darum
417 3395 453 3467 vi
476 3391 581 3491 seque
605 3416 826 3490 regnumque
854 3411 982 3464 tutatus
1007 3391 1066 3464 est.
1128 3388 1252 3463 Occiso

270 3513 415 3586 Artaxia
438 3540 499 3611 pet
526 3515 650 3587 dolum
676 3513 967 3610 propinquorum,
1000 3513 1101 3584 datus
1125 3536 1145 3583 a
1172 3509 1250 3581 Cae-

267 3628 340 3712 sare
369 3633 545 3707 Armeniis
567 3633 754 3733 Tigranes,
781 3631 1019 3729 dedudusque
1042 3632 1079 3703 in
1097 3653 1265 3723 regnum

268 3778 289 3838 a
312 3750 460 3849 Tiberio
478 3756 634 3829 Nerone.
684 3757 763 3833 Nec
780 3753 925 3854 Tigrani
952 3752 1158 3825 diuturnum
1180 3747 1249 3827 im-
