2760 4718
237 332 309 426 296
417 265 1027 398 ·C.Coauar11Tncrrr

240 525 307 572 nus
324 496 516 573 secundum
539 499 714 572 bonorum
736 491 885 583 civium,
912 489 1024 589 &qui
1036 491 1169 569 eadem
1183 497 1240 574 fa·

241 619 338 693 milia
363 619 531 719 corruptis
560 616 728 706 moribus,
741 611 899 697 „inlustri
932 631 1050 687 tamen
1084 613 1237 696 fortma

242 742 356 839 egere·
851 802 855 809 .

290 850 462 936 XXVIII.
486 863 654 934 Pnurro
681 856 806 948 Fabio,
836 860 884 935 L.
914 856 1056 939 Vitellio
1075 861 1232 936 consuli-

243 984 323 1071 bus,
370 980 448 1078 post
485 982 634 1078 longum
676 978 884 1053 saeculorum
921 978 1109 1072 ambitum,
1157 984 1235 1060 avis

242 1101 395 1174 Phoenix
412 1098 449 1173 in
466 1101 671 1196 AEgyptum
685 1099 796 1191 venit,
812 1099 1031 1197 praebuitque
1046 1104 1229 1179 materiem

236 1220 443 1305 'dodisfimis
464 1218 724 1319 indigenarum,
750 1224 783 1295 δι
806 1223 1027 1311 Graecorum,
1042 1224 1157 1297 multa
1173 1225 1227 1299 su-

243 1367 358 1440 pereo
377 1340 545 1414 miraculo
557 1340 767 1414 differendi:
793 1342 840 1415 de
865 1341 993 1441 quibus
1006 1368 1230 1443 congruunt,

178 1509 180 1516 ·
244 1468 278 1536 δε
296 1464 394 1560 plura
411 1461 591 1558 ambigua,
620 1461 678 1535 sed
699 1462 847 1562 cognitu
865 1489 936 1538 non
953 1462 1112 1557 absurda,
1142 1494 1227 1564 pro-

242 1608 339 1657 mere
356 1583 462 1658 libet,
501 1584 644 1656 Sacrum
657 1583 729 1656 Soli
746 1583 782 1657 id
796 1584 937 1674 animal,
960 1589 994 1659 a
1013 1611 1073 1660 ore
1096 1613 1138 1662 ac
1156 1588 1228 1663 dis·

242 1703 354 1777 tindtu
375 1703 563 1802 pinnarum
589 1731 610 1777 a
635 1705 754 1779 ceteris
778 1706 901 1780 avibus
922 1689 1109 1798 diversum,
1137 1734 1227 1782 con·

243 1823 406 1914 sentiunt,
433 1824 495 1922 qui
512 1806 664 1899 sormam
682 1825 755 1925 ejus
776 1827 952 1901 definiere.
1001 1830 1058 1902 De
1074 1855 1228 1905 numero

242 1971 415 2021 annornm
456 1945 552 2023 varia
582 1948 790 2031 traduntur:
839 1948 994 2022 maxime
1020 1952 1226 2048 vulgatum,

243 2066 517 2165 quingentorum
539 2065 705 2164 spatium:
733 2068 809 2150 sunt
821 2068 880 2166 qui
897 2068 1111 2158 adseverent,
1126 2072 1230 2146 mille

243 2185 517 2285 quadringentos
534 2187 709 2288 sexaginta
726 2214 835 2270 unum
848 2185 1009 2283 interjici3
1023 2187 1227 2287 prioresque

243 2307 338 2382 alites
355 2305 539 2383 Sesostride
556 2308 723 2408 primum,
742 2306 818 2406 post
836 2307 1011 2396 Amaside,
1032 2307 1222 2391 dominan-

243 2430 351 2520 tibus,
366 2429 448 2510 dein
464 2431 671 2521 Ptolemaeo,
689 2429 808 2530 quiex
825 2427 1083 2511 Macedonibus
1098 2429 1226 2508 tertius

242 2552 415 2651 regnarit,
451 2551 488 2624 in
521 2550 712 2641 civitatem,
744 2550 801 2625 cui
837 2549 1038 2649 Heliopolis
1076 2576 1224 2655 nomen,

241 2672 467 2762 advolavisse,
495 2673 609 2745 multo
626 2692 820 2749 ceterarum
837 2674 1022 2746 volucrum
1039 2671 1225 2767 comitatu,

241 2821 374 2875 novam
389 2793 515 2868 faciem
529 2792 741 2876 mirantium.
791 2794 859 2867 Sed
876 2793 1060 2892 antiquitas
1078 2792 1226 2892 quidem

239 2914 410 2991 obscura-r
443 2916 532 2993 inter
557 2916 790 2988 Ptolemaeum
821 2925 863 2996 'ac
895 2914 1080 2991 Tiberium
1108 2914 1227 2990 minus

154 3068 156 3076 ’
240 3037 383 3112 ducenti
401 3035 658 3135 quinquaginta
674 3034 755 3117 anni
773 3031 932 3120 suerunt:
953 3038 1047 3110 unde
1063 3038 1227 3112 nonnulli

240 3159 362 3235 salsum
378 3159 473 3232 hunc
496 3143 723 3247 Phoenicem,
751 3182 867 3256 neque
891 3161 1052 3241 Arabum
1076 3182 1096 3230 e
1123 3158 1226 3233 terris

240 3281 431 3371 credidere,
450 3278 608 3376 nihilque
625 3276 837 3376 usurpavisse
864 3305 909 3358 ex
925 3278 992 3369 his,
1018 3304 1098 3377 quae
1121 3299 1226 3355 vetus

162 3455 163 3461 1
239 3401 410 3476 memoria
446 3399 623 3483 firmavit:
671 3396 833 3486 confecto
877 3400 1009 3498 quippe
1049 3425 1227 3485 annorum
1266 3470 1272 3487 ,

239 3530 400 3610 numero,
418 3522 481 3596 ubi
498 3548 593 3608 mors
611 3519 834 3618 propinquet,
852 3518 917 3619 suis
935 3520 970 3593 in
986 3519 1080 3599 terris
1093 3520 1233 3596 struere

238 3636 376 3724 nidum,
406 3639 510 3739 eique
536 3642 610 3715 vim
629 3640 816 3739 genitalem
834 3638 1041 3734 adfundere,
1072 3666 1116 3714 ex
1148 3642 1221 3737 qua

238 3758 350 3846 fetum
367 3756 472 3845 oriri:
502 3765 535 3847 δι
560 3761 711 3874 primam
737 3762 859 3836 adulto
885 3780 1008 3850 curam
1031 3757 1221 3860 sepeliendi
