2834 4732
256 345 301 445 78
509 339 552 412 Css
579 340 818 414 Connanrr
841 341 1023 452 Tncrrr

255 527 284 564 “
297 518 384 609 sum,
408 516 519 591 libens
549 513 772 615 placatusque
799 519 963 616 exemplo
990 542 1030 591 ac
1064 520 1233 599 memoris

254 649 283 685 “
300 638 523 714 confiliorum
539 659 644 735 atque
666 664 813 736 operum
824 638 963 738 juvaret
977 641 1013 712 :'’
1035 641 1130 713 lacus
1147 642 1232 718 inde

131 769 135 788 '
251 765 285 836 δι
311 763 496 835 Oceanum
524 756 633 856 usque
664 761 710 832 ad
735 759 906 834 Amisiam
929 763 1062 834 flumen
1080 760 1232 841 secundi

160 922 162 927 v
249 881 474 981 navigatione
512 879 737 978 pervehitur:
784 882 891 953 classis
924 881 1065 964 Amisrae
1097 882 1228 976 resista,

250 1004 342 1076 laevo
359 1027 486 1087 amne3
509 1022 730 1099 erratumque
742 1000 777 1073 in
795 1027 850 1092 eo,
877 1000 975 1099 quiid
991 1029 1063 1076 non
1079 1001 1229 1079 subvex-

250 1124 300 1198 it:
330 1119 534 1220 transposuit
558 1121 706 1194 militem
735 1123 872 1196 dextras
899 1123 936 1195 in
952 1144 1057 1218 terras
1073 1127 1227 1200 iturum:

248 1244 297 1319 ita
317 1245 432 1342 plures
460 1242 533 1316 dies
560 1242 757 1316 efficiendis·
764 1243 929 1341 pontibus
946 1241 1132 1344 absumpti.
1183 1250 1231 1320 Et
1303 1257 1312 1264 '

249 1390 357 1464 eques
391 1363 534 1462 quidem
561 1389 602 1437 ac
630 1365 785 1463 legiones
814 1365 929 1462 prima
951 1365 1119 1456 aestmria,
1142 1393 1231 1439 non·

249 1490 338 1561 dum
355 1484 574 1559 adcrescente
588 1486 696 1574 undas,
716 1482 879 1584 intrepidi
895 1488 1074 1560 transiere:
1103 1487 1234 1584 postree

250 1633 352 1682 mum
368 1604 578 1680 auxiliorum
597 1631 741 1704 agmen,
766 1605 956 1704 Batavique
988 1608 1025 1681 in
1053 1630 1148 1706 parte
1177 1614 1231 1702 est,

203 1732 205 1735 ’
248 1732 339 1803 dum
361 1727 525 1803 insultant
562 1725 674 1824 aquis,
709 1747 892 1826 artemque
915 1729 1023 1801 nandi
1048 1730 1230 1821 ostentant,

242 1851 392 1940 turbati,
416 1855 450 1922 δι
475 1847 620 1947 quidam
648 1847 760 1921 hausti
789 1848 879 1923 sunt.
941 1850 1094 1925 Metanti
1128 1851 1233 1926 castra

181 1990 194 2013 '
249 1969 374 2045 Caesari
392 1969 686 2068 Angrivariorum
703 1967 853 2042 deseffio
870 1997 890 2041 a
908 1992 1009 2068 tergo
1031 1971 1230 2045 nuntiatur-t

249 2091 370 2164 missus
397 2089 491 2164 illico
523 2088 701 2190 Stertinius
723 2115 807 2162 cum
822 2071 946 2189 *equite
980 2095 1014 2163 δι
1055 2093 1231 2164 armaturd
1289 2179 1300 2188 ἱ

249 2212 335 2304 levi,
361 2213 443 2312 igne
455 2218 458 2221 ’
470 2216 504 2286 &
523 2211 679 2286 caedibus
690 2210 873 2307 perfidiam
890 2211 983 2282 ultus
997 2209 1057 2281 est.

163 2313 165 2322 i
298 2335 365 2408 IX.
390 2334 563 2407 Fiunan
588 2329 743 2430 Visurgis
767 2336 950 2406 Romanos
971 2328 1230 2429 Cheruscosque
1295 2319 1298 2329 ’

248 2451 494 2528 interfluebat:
519 2452 589 2552 ejus
618 2452 654 2543 in
682 2453 756 2549 riph
778 2479 860 2526 cum
883 2452 1002 2526 ceteris
1020 2451 1230 2553 primoribus

184 2569 185 2573 ¹
249 2557 432 2648 Arminius
460 2573 604 2664 adstitit,
630 2577 844 2671 quaesitoque
869 2582 955 2647 “an
979 2573 1092 2648 Caesar
1121 2570 1231 2648 venis-

250 2702 279 2775 ’ἔ
297 2695 344 2769 set
358 2697 400 2769 ?”
422 2694 606 2794 postquam
632 2700 658 2797 ᾖ(
671 2695 809 2767 adeffe''
833 2693 1033 2792 responsum
1050 2696 1112 2787 est,
1150 2704 1232 2770 “ut

248 2822 282 2858 “
299 2815 416 2890 liceret
431 2843 515 2890 cum
532 2814 636 2889 fratre
649 2815 840 2915 conloqui'’
865 2816 989 2890 oravit.
1042 2820 1126 2890 Erat
1150 2816 1233 2892 isin

249 2936 402 3011 exercitu
439 2959 677 3036 cognomento
702 2937 859 3028 Flavius,
890 2937 1034 3036 insignis
1070 2940 1156 3030 fide,
1197 2944 1232 3014 δε

250 3056 374 3130 amisso
404 3083 465 3156 per
492 3060 620 3132 vulnus
647 3061 752 3132 oculo
769 3058 888 3158 paucis
906 3062 987 3131 ante
1004 3061 1117 3153 annis,
1142 3062 1234 3133 duce
1283 3046 1286 3051 ⁴

236 3158 421 3251 'Tiberioz
459 3199 537 3251 tum
566 3166 795 3276 permissum3
825 3181 1089 3281 progressusque
1108 3180 1231 3254 saluta·

184 3332 186 3335 ·
242 3312 308 3364 tur
332 3299 377 3371 ab
411 3298 601 3372 Arminio:
643 3300 703 3397 qui
727 3302 852 3375 amotis
874 3302 1110 3400 stipatoribus,
1149 3308 1231 3374 “ut

173 3443 176 3450 ·
252 3416 282 3452 “
300 3409 464 3508 sagittarii
481 3418 596 3492 nostrh
613 3446 677 3517 pro
702 3421 776 3518 riph
798 3421 951 3520 dispositi
970 3421 1233 3509 abscederent,'’

249 3527 421 3623 postulat;
448 3540 482 3607 ὅτ
507 3538 692 3639 postquam
705 3542 858 3642 digreffi‚
891 3545 1028 3618 “unde
1051 3570 1091 3640 ea
1113 3539 1228 3613 desor-

168 3705 171 3708 ,
249 3653 278 3689 “
296 3638 398 3721 mitas
423 3655 490 3726 oris
512 3661 551 3729 ?''
580 3661 769 3763 interrogat
795 3663 961 3738 fratrem:
984 3664 1067 3736 'illo
1094 3647 1253 3751 locum,'

249 3769 283 3840 dt
306 3767 470 3862 proeliunr
493 3774 688 3872 reserente3
716 3792 744 3829 ‘⁴
761 3787 943 3884 quodnam
968 3781 1155 3883 praemium
1177 3805 1229 3856 re·
