2776 4724
1112 264 1166 340 -vii

184 432 366 530 Ryckium
383 433 415 508 ei
432 433 536 509 nimis
561 434 727 510 tribuisse.
775 435 949 508 Ceterum
969 433 1164 538 observavi·

180 581 275 646 mus,
301 555 442 628 eumin
460 557 698 636 Historiarum
712 555 821 645 libris,
848 552 1034 652 ptaesertim
1050 557 1163 653 poste·
1277 656 1278 659 Ἴ
1340 583 1344 588 ·

181 674 344 766 rioribus,
372 677 456 751 mire
482 676 675 751 consentire
696 702 778 750 cum
803 675 954 748 editione
970 674 1095 771 prima,
1125 695 1168 749 ut

182 816 274 877 notae
290 797 413 871 nosttae
429 800 473 871 ad
491 800 567 871 illos
586 787 691 872 libros
707 799 897 870 docebunt.
933 852 935 855 ψ
950 797 1003 868 Eo
1022 795 1099 869 usus
1114 796 1165 868 est

180 917 288 991 etiam
313 919 396 993 Nic.
423 911 587 994 Heinsius
615 918 676 1016 qui
701 916 772 1016 ejus
797 917 962 991 lectiones
985 914 1163 1014 saepissime

182 1036 318 1125 adfert3
347 1065 412 1116 nec
430 1065 553 1136 parum
571 1040 602 1113 ei
620 1039 753 1112 tribuit.
864 1126 867 1131 .

229 1159 332 1234 Idem
359 1159 521 1257 Ryckius
542 1161 646 1233 etiam
668 1158 745 1233 usus
769 1158 817 1232 est
840 1157 959 1231 Codicis
985 1158 1165 1251 Paristenzs

182 1281 367 1380 excerptis,
401 1308 421 1355 a
445 1282 579 1355 Melch.
601 1279 823 1354 Thevenotio
851 1278 1025 1375 acceptis:
1057 1305 1164 1375 quern

132 1395 134 1398 ⁴
182 1401 243 1475 ille
260 1403 394 1499 Regium
418 1423 542 1475 vocat:
569 1396 681 1475 sedin
699 1400 788 1473 notis
812 1425 888 1472 rato
916 1401 1076 1473 lectiones
1094 1398 1165 1498 ejus

182 1543 453 1595 commemorat.
504 1526 622 1618 Atque
649 1521 718 1619 ipse
752 1523 798 1594 de
829 1522 942 1593 eosic
969 1519 1095 1608 statuit,
1123 1540 1164 1592 ut
1225 1510 1228 1517 ¹

154 1665 234 1748 ‘ne
250 1667 332 1715 cum
344 1641 405 1715 suo
418 1641 573 1740 quidem,
592 1645 721 1716 nedum
736 1667 817 1715 cum
834 1639 1047 1729 Florentin0,
1067 1665 1165 1713 com·
1243 1646 1249 1660 “
1304 1722 1308 1730 ,

186 1781 295 1861 paret.
345 1761 462 1861 Hujus
479 1763 621 1837 Codicis
639 1748 884 1860 ledlionesjam
898 1760 1084 1858 diligenter
1101 1787 1164 1834 no·

182 1902 267 1957 tatas
284 1884 451 1957 habemus
477 1887 522 1958 ab
549 1884 680 1957 editore
706 1883 875 1957 librorum
890 1871 1006 1955 'Taciti
1031 1907 1165 1978 nupero

125 2005 132 2027 ¹
163 2004 338 2091 ‚Brotetio
355 2007 399 2077 V.
416 2006 458 2078 C.
485 2004 546 2102 qui
563 2028 645 2079 eum
667 2005 885 2078 chartaceum
902 2005 969 2076 effe
986 2002 1103 2092 tradit,
1129 2006 1165 2075 &

180 2123 244 2197 sub
260 2125 368 2198 finem
384 2124 489 2199 seculi
507 2124 747 2223 quintidecimi
763 2125 950 2223 scriptum:
980 2149 1051 2221 quo
1075 2143 1164 2197 tem.

135 2216 1165 2349 .mffimmfflfflfflmffla

179 2366 392 2456 Mediolani,
407 2365 497 2440 etali
511 2367 676 2462 exemplo
691 2365 823 2439 sumtus
834 2368 902 2438 esse
915 2366 1037 2463 potest.
1071 2367 1164 2439 Illud

181 2508 296 2582 operae
329 2486 480 2584 pretium
509 2488 559 2560 est
586 2477 743 2576 monere,
763 2489 861 2560 ‘hunc
884 2488 1053 2562 Codicem
1078 2516 1162 2562 con-

180 2603 282 2679 fundi
309 2632 391 2680 cum
419 2608 566 2681 Budenfi
595 2633 616 2681 a
639 2609 674 2702 J.
692 2610 873 2680 Gronovio
901 2610 945 2681 ad
968 2616 1014 2683 A.
1033 2613 1080 2698 V,
1105 2636 1163 2709 23.

166 2726 238 2802 cui
253 2726 444 2801 confufioni
462 2730 580 2802 locum
599 2727 699 2800 dedit
717 2703 921 2819 Rhenanus,
947 2729 1008 2826 qui
1025 2731 1163 2801 Buden-

181 2823 261 2922 sem⁰
272 2849 402 2922 librum
418 2848 593 2923 interdum
613 2849 747 2947 Regium
764 2869 878 2922 vocat.

234 2968 432 3056 Gronoviis,
460 2970 595 3063 Jacobo
621 2973 655 3043 ὃ(
682 2971 899 3055 Abrahamo,
926 2992 1031 3063 porro
1056 2970 1163 3043 debe·

182 3112 263 3160 mus
292 3105 458 3182 excerpta
478 3089 631 3164 duorum
653 3091 794 3162 Codicum
816 3089 1040 3192 onnieqfium,
1072 3115 1161 3187 quo-

160 3233 260 3286 ,rum
278 3207 366 3280 alter
379 3207 528 3306 Collegii
546 3211 732 3285 Servatoris
756 3213 789 3306 J.
807 3209 868 3299 est,
894 3209 1056 3283 deficiens
1075 3237 1164 3282 non-

181 3327 286 3401 nullis
312 3327 411 3419 locis,
440 3351 479 3402 ut
495 3329 604 3404 didici
625 3356 646 3404 e
671 3330 877 3404 Montefalc.
908 3357 941 3427 p.
971 3333 1052 3403 668.
1079 3334 1165 3405 alter
1216 3336 1219 3337 ⁷

126 3474 129 3481 ’
181 3428 622 3523 Bibliothecae'ffidleianae
634 3479 645 3536 ;
682 3452 777 3547 unde
806 3451 863 3523 ille
890 3442 1076 3542 Oxom‘enſss,
1105 3452 1164 3525 hic

95 3640 104 3659 ,
180 3567 367 3641 Bodleianus
382 3592 538 3644 vocatur.
577 3570 675 3644 lllius
691 3591 854 3668 excerpta
871 3572 914 3643 ad
932 3571 1063 3646 calcem
1080 3569 1164 3646 utri-

181 3685 288 3789 usque
304 3687 467 3766 editionis
483 3690 716 3765 Gronovianae
741 3691 969 3789 reperiuntur,
993 3689 1093 3791 hujus
1118 3695 1164 3769 ad

696 3836 765 3908 ²4
