2602 4716
443 310 1000 406 Auunrrtriqum.
1171 341 1215 437 65

230 535 290 582 nus
305 506 434 607 plebei,
453 504 716 605 increpitusque
732 504 782 577 est
801 507 911 580 Asmii
933 505 1031 580 Galli
1044 509 1212 602 oratione,

231 632 338 704 filente
355 629 515 719 Tiberin,
535 627 598 726 qui
616 653 658 700 ea
674 627 855 700 fimulacra
883 628 1048 702 libertatis
1082 629 1212 703 senatui

227 754 425 848 praebebat:
457 748 567 823 valuit
601 769 722 821 tamen
754 746 960 840 intercelsm,
995 750 1079 848 quia
1106 750 1209 824 divus

227 873 405 971 Augustus
437 871 654 944 “immunes
671 872 857 943 verberum
874 869 1079 943 histriones’'
1096 898 1211 969 quon·

226 992 303 1064 dam
328 990 566 1089 responderat,
606 1015 725 1088 neque
765 990 815 1064 sas
847 990 995 1064 Tiberio
1020 990 1211 1090 infringere

226 1112 313 1186 dista
328 1110 415 1210 ejus.
466 1114 522 1185 De
549 1112 662 1185 modo
696 1111 834 1203 lucaris,
866 1116 900 1185 ὃς
930 1112 1096 1185 adversus
1113 1111 1208 1186 lasci·
1243 1094 1246 1105 ¹

224 1232 316 1306 viam
326 1216 517 1324 fautorum,
536 1234 650 1306 multa
662 1234 923 1318 decernunturi
946 1258 992 1304 ex
1011 1235 1090 1331 quis
1106 1260 1208 1307 max-

227 1350 484 1449 imt‘tinsrgnia:
517 1354 616 1426 “Ne
641 1354 769 1426 domos
786 1352 1097 1425 Pantomimorum
1113 1351 1209 1429 sena-

231 1478 259 1513 “
275 1493 329 1546 tor
344 1473 497 1546 introiret
514 1503 522 1546 :
550 1502 593 1548 ne
609 1474 825 1573 egredientes
842 1474 879 1546 in
892 1473 1089 1571 publicum,
1109 1475 1208 1573 equi-

228 1599 323 1667 “tes
341 1593 498 1668 Romani
513 1593 713 1693 cingerent:
745 1617 804 1668 aut
814 1594 911 1684 alibi,
934 1594 1043 1691 quim
1060 1594 1095 1667 in
1113 1597 1210 1669 thea-

229 1720 257 1756 “
275 1736 342 1806 tm,
365 1713 620 1813 spectarentur:
650 1718 687 1789 δι
699 1714 930 1814 spestantium
948 1715 1209 1789 immodestiam

146 1843 152 1848 ’
228 1841 256 1876 “
272 1837 391 1910 exsrlio
408 1837 579 1910 multandi
596 1838 744 1935 potestas
763 1838 969 1935 praetoribus
987 1840 1121 1913 fieret.'’

273 1959 482 2031 LXXVlll.
507 1960 712 2034 Trunuu
740 1980 780 2032 ut
809 1960 845 2032 in
874 1960 1011 2034 colonis
1038 1963 1208 2035 Tarraco-

225 2082 315 2152 nensi
332 2079 522 2152 strueretur
534 2080 711 2178 August0,
731 2081 928 2178 petentibus
942 2081 1109 2181 Hispanis
1126 2108 1207 2180 per-

225 2198 386 2287 missum3
417 2201 614 2297 datumque
640 2200 678 2273 in
709 2227 832 2274 omnes
860 2202 1057 2301 provincias
1085 2229 1206 2276 exem-

225 2321 332 2415 plum.
383 2323 619 2394 Centesimum
649 2345 767 2407 rerum
796 2323 974 2397 venalium
1010 2323 1086 2419 post
1115 2323 1213 2417 bella

224 2439 338 2515 civilia
364 2442 557 2514 institutam
589 2444 798 2540 deprecante
828 2445 977 2542 populu,
1007 2440 1117 2515 edixit
1141 2439 1206 2511 Ti-

226 2551 338 2635 berius
372 2561 560 2635 “militare
576 2562 739 2637 aerarium
757 2590 800 2636 eo
816 2564 965 2638 subfidio
983 2562 1046 2634 niti
1064 2591 1072 2633 :
1105 2561 1206 2642 simul

228 2686 255 2722 “
273 2681 445 2781 imparem
461 2683 555 2756 oneri
569 2685 839 2782 rempublicam,
864 2685 923 2757 nili
950 2684 1114 2755 vicefimo
1131 2676 1207 2750 'mi-

226 2806 253 2843 “
270 2802 348 2878 litiae
366 2829 461 2878 anno
478 2804 631 2878 veterani
643 2803 898 2878 dimitterentur
913 2781 949 2874 :⁵'
971 2802 1020 2873 ita
1037 2796 1207 2895 proximae

225 2916 398 2996 seditionis
416 2925 506 2997 malt
524 2924 695 3016 consulta,
719 2925 846 3024 quibus
876 2920 1051 2994 sexdecim
1078 2916 1207 3013 stipen-

225 3039 363 3115 diorum
381 3044 491 3114 finem
507 3048 749 3141 expresserant,
776 3044 905 3118 abolita
922 3042 956 3115 in
977 3040 1165 3139 posterum.

268 3164 449 3235 LXXIX.
479 3167 626 3238 Atrum
643 3167 772 3240 deinde
789 3166 823 3238 in
841 3163 958 3236 senatu
975 3165 1020 3235 ab
1038 3156 1205 3233 Arruntio

180 3373 185 3380 .
223 3285 257 3355 dt
287 3283 410 3372 Atei0,
433 3309 476 3354 an
507 3287 554 3360 ob
578 3287 806 3359 moderandas
831 3283 971 3357 Tiberis
995 3277 1206 3353 exundatio·
1258 3348 1261 3353 .

223 3429 283 3477 nes
301 3424 518 3478 verterentur
530 3406 676 3479 flumina
702 3408 738 3477 ἃ
756 3408 863 3493 lacus,
894 3429 954 3500 per
971 3426 1061 3498 quos¹
1086 3397 1207 3497 auges·

220 3525 276 3598 cit.
347 3504 561 3622 Auditaeque
600 3526 872 3622 municipiorum
909 3527 943 3595 &
984 3517 1206 3593 coloniarum

218 3645 425 3747 legationes,
450 3648 624 3721 orantibus
641 3644 863 3731 Florentinis,
897 3649 923 3682 “
943 3666 986 3713 ne
1012 3640 1130 3713 Clanis
1152 3638 1204 3710 so·

221 3774 247 3809 “
266 3769 329 3842 lito
347 3768 451 3841 alveo
476 3766 641 3840 demotus
660 3763 695 3834 in
714 3788 856 3834 amnem
884 3766 1023 3832 Arnum
1044 3757 1207 3832 transfer·
1251 3745 1253 3761 ¹

740 3884 770 3954 F
807 3985 809 3990 r
