2512 4696
309 411 322 422 .
386 361 698 431 Annattun
732 305 929 481 Lnan.
1102 385 1173 461 209

175 524 225 581 “‘
240 540 339 627 bam,
357 530 570 607 fecunditate
587 528 786 620 subnixam,
805 529 1033 626 popularibus
1047 532 1173 608 ‘studiis

194 664 222 700 “
239 656 369 730 inhiare
386 636 663 759 dominationi,”
679 650 775 746 apud
792 647 963 723 Caesarem
977 674 1170 749 arguerent.

193 781 312 877 Atque
332 776 407 848 haec
424 771 557 847 callidis
574 769 876 845 criminatoribus:
900 770 990 844 inter
1008 799 1096 870 quos
1112 775 1173 846 de-

191 897 318 994 legerat
347 893 485 991 Julium
503 892 727 980 Postumum,
752 917 814 989 per
829 891 1039 964 adulterium
1057 880 1170 967 Muti·
1214 938 1240 969 ,ι

189 1016 243 1090 liae
259 1015 383 1090 Priscae
401 1016 492 1089 inter
508 1013 649 1087 intimos
667 1012 770 1102 aviae,
790 1012 984 1087 &consiliis
1005 1011 1071 1086 suis
1094 1002 1171 1112 per-

191 1137 377 1212 idoneum:
405 1135 487 1235 quia
502 1133 628 1225 Prisca,
648 1133 684 1216 in
701 1132 818 1206 animo
831 1132 1002 1232 Augustae
1038 1134 1169 1226 valida,

193 1285 313 1348 anum,
342 1256 462 1355 suapte
479 1258 596 1329 naturai
624 1253 786 1352 potentiae
811 1253 966 1343 anxiam,
992 1252 1171 1330 insociabi-

193 1374 263 1450 lem
279 1377 383 1450 nurui
409 1376 589 1450 efficiebat.
642 1374 852 1474 Agrippinae
880 1401 1022 1472 quoque
1050 1379 1170 1472 proxi-

194 1497 244 1570 mi
274 1496 530 1588 inliciebantur,
560 1498 686 1597 pravis'
701 1496 912 1571 sermonibus
928 1495 1082 1571 tumidos
1101 1497 1168 1598 lpi-

194 1617 281 1691 ritus
306 1618 550 1717 perstimulare.
879 1604 883 1612 ⁸

241 1741 341 1813 Xlll.
380 1745 440 1814 Ar
474 1742 687 1831 Trannrus,
719 1741 806 1838 nihil
840 1738 1028 1814 intermissa
1056 1766 1171 1818 rerum

192 1864 288 1951 curri,
316 1861 457 1960 negotia
485 1889 549 1960 pro
582 1861 913 1959 solatiisaccipieus,
937 1858 1169 1959 justitium,

193 2006 312 2076 preces
328 1980 501 2058 sociorum
518 1987 694 2058 tractabat.
744 1986 934 2081 Fadaque,
953 1985 1094 2056 auclore
1111 2009 1169 2073 eo,

191 2098 487 2197 senatusconsulta,
531 2095 615 2179 “ut
654 2104 783 2179 civitati
822 2103 1031 2202 Cibyratica:
1076 2104 1172 2200 apud

192 2227 222 2264 “
240 2211 371 2316 Asiam,
412 2224 571 2326 AEgienfi
604 2228 700 2324 apud
734 2225 908 2300 Achaiam
936 2246 1037 2298 motu
1069 2220 1187 2297 terrae·

191 2350 218 2385 “
232 2344 425 2436 tabefactis,
465 2347 707 2422 subveniretur
744 2345 937 2420 remiffione
979 2344 1099 2416 tributi
1132 2345 1170 2417 in

192 2470 219 2506 “
236 2465 464 2540 triennium.'²
515 2471 562 2542 Et
578 2467 701 2541 Vibius
717 2452 875 2556 Serenus,
910 2463 1094 2561 proconsul
1115 2464 1170 2535 ul-

191 2583 321 2657 terioris
351 2584 544 2683 Hispaniae,
580 2588 626 2661 de
653 2589 688 2660 vi
719 2586 860 2687 publica
891 2585 1090 2674 damnatus,
1120 2586 1168 2658 ob

192 2702 410 2783 atrocitatem
438 2719 594 2800 morum,
636 2708 673 2781 in
705 2707 850 2783 insulam
875 2711 1078 2805 Amorgum
1106 2706 1170 2778 de-

194 2843 358 2919 portatur.
407 2827 579 2902 Carsidius
592 2830 770 2919 Sacerdos,
788 2854 878 2917 reus,
897 2848 1080 2924 tamquam
1096 2823 1169 2898 fru-
1219 2816 1223 2821 ⁴

67 3037 76 3049 ³
193 2963 314 3017 mento
342 2947 474 3020 hostem
489 2948 748 3024 Tacfarinatem
770 2947 926 3047 juviffet,
955 2944 1167 3032 absolvitur:

195 3061 418 3162 ejusdemque
445 3067 603 3140 criminis
630 3070 671 3140 C.
707 3073 870 3143 Graccus.
921 3070 1034 3141 Hunc
1057 3062 1191 3139 comi?

193 3203 264 3259 tem
281 3185 388 3259 exsilii
406 3187 601 3261 admodum
618 3188 800 3281 infantem,
829 3206 926 3287 pater
943 3171 1170 3284 Sempronius

194 3304 231 3378 in
257 3302 403 3378 insulam
430 3302 614 3380 Cercinam
629 3311 767 3384 tulerat.
817 3310 894 3382 lllic
923 3309 1062 3380 adultus
1084 3306 1173 3383 inter

193 3448 359 3514 extorres,
390 3431 423 3500 ἃ
454 3426 648 3500 liberalium
676 3431 802 3503 artium
831 3428 975 3517 nescios',
1006 3453 1091 3499 mox
1110 3454 1195 3525 per*

193 3545 354 3620 Africam
370 3570 410 3618 ac
427 3545 581 3619 Siciliam
599 3553 767 3623 mutando
783 3548 938 3622 sordidas
956 3536 1086 3621 merces
1102 3547 1170 3621 sus-

191 3668 410 3739 tentabatur:
451 3692 516 3739 nec
544 3685 663 3737 tamen
692 3670 816 3770 effugit
850 3694 989 3767 maguae
1023 3667 1172 3743 fortuna:

192 3785 357 3890 pericula.
408 3791 464 3866 Ac
494 3786 530 3860 ni
559 3768 678 3861 AElius
700 3790 838 3878 Lamia,
854 3792 888 3862 δε
913 3792 960 3869 L.
979 3786 1173 3888 Apronius,
