2776 4724
1068 291 1156 366 xxiii

171 456 461 556 commodiusque
493 458 530 531 in
556 459 673 532 lucem
700 455 827 531 iterum
852 453 971 529 emiffa
996 449 1157 524 Dublinii

169 606 263 653 anno
292 603 504 653 moccxxx.
554 577 682 652 Praesto
702 575 799 652 fuere
826 595 903 651 tum
924 591 1087 669 excerpta
1110 594 1156 644 ex

168 701 254 775 Mff.
272 700 392 799 Regio
422 703 457 772 δε
485 698 703 790 Florentino,
730 718 807 773 tum
836 695 909 772 Ms.
939 694 1068 784 codex,
1094 688 1156 788 qui

167 820 257 896 olim
284 821 668 920 Rudolphillgricolae
692 818 814 895 fuerat.
866 816 912 891 Ei
935 836 1053 891 tamen
1077 813 1156 910 plus

96 951 104 964 '
169 966 272 1042 aequo
297 940 418 1015 tribuit
445 941 619 1039 Ryckius‚
649 940 733 1015 clun
760 939 826 1013 ille·
842 939 956 1013 codex
982 959 1065 1017 non
1080 950 1155 1014 tam

166 1082 321 1136 veterem
338 1060 553 1161 scripturam,
584 1061 694 1161 quam
709 1059 776 1134 viri
802 1057 928 1141 eruditi
943 1052 1177 1155 conjeouras=

169 1202 357 1258 commeat.
850 1254 854 1262 .

217 1283 431 1380 Christianus
447 1305 679 1395 Hnufflus,
709 1305 917 1395 Germanus,
936 1300 1022 1378 nihil
1038 1327 1155 1404 operat

169 1426 207 1498 in
224 1427 447 1500 emendando
463 1425 605 1517 Tacito,
634 1423 739 1499 nimis
755 1423 793 1497 in
816 1423 1029 1521 explicando
1044 1428 1155 1504 collo·
1283 1465 1287 1471 ,

171 1544 266 1620 eavit
281 1544 409 1643 Lipfiae
429 1562 522 1619 anno
538 1569 731 1620 Moccxiv.
783 1546 877 1617 Eum
895 1543 990 1617 enim
1012 1545 1058 1620 ita
1084 1544 1154 1622 mi·

172 1664 325 1740 nutatim
337 1666 513 1765 explanat,
529 1684 566 1740 ut
582 1666 749 1741 leelorem
767 1661 889 1764 fatiget
906 1661 1032 1764 tnagis,
1046 1665 1156 1765 quim

173 1785 313 1885 dirigat.
753 1798 760 1804 ’

218 1909 376 2004 Jacobus
399 1910 653 2000 (momnis,
682 1905 828 2003 Joannis
845 1906 1021 1982 Frederici
1045 1907 1153 2001 filius,

168 2046 350 2126 paternam
371 2028 564 2104 editionem
588 2054 673 2106 cum
691 2031 775 2103 ΜΗ.
801 2026 1009 2104 Florentinis
1027 2053 1153 2130 recog·
1258 2125 1260 2132 Ι

167 2148 292 2240 uitam,
336 2148 473 2250 suisque
506 2155 541 2226 δι
580 2149 766 2225 Variorum
806 2148 899 2228 notis
936 2151 1155 2227 cumulatam

168 2271 275 2367 praelo
292 2291 489 2369 paraverat,
518 2272 603 2348 cum
619 2291 734 2346 morte
751 2270 962 2371 interceptus
985 2271 1034 2346 est
1062 2299 1156 2349 anno

168 2416 362 2468 uoccxvn
411 2392 522 2468 Filius
549 2391 622 2494 ejus
648 2394 828 2468 Abraham
852 2384 1054 2467 Gronovius
1072 2419 1159 2470 eam-

168 2510 322 2610 Trajecli
350 2513 395 2587 ad
419 2515 590 2589 Rhenum
606 2538 701 2588 anno
725 2538 905 2589 nucem
933 2512 1150 2613 publicavit:

145 2631 274 2732 ‘patris
292 2634 468 2709 memoria
493 2631 724 2736 consulturus,
750 2641 774 2711 fi
798 2634 959 2712 convicia
985 2636 1153 2711 adversus

166 2751 364 2851 Ryckium,
380 2739 519 2855 aliaque
534 2755 647 2831 multa
661 2758 798 2833 erudito
810 2757 888 2833 viro
901 2755 1045 2853 indigna
1060 2754 1151 2830 omi·

168 2875 266 2948 siffet.
315 2875 378 2949 Ad
398 2875 514 2974 operis
529 2877 664 2952 calcem
686 2878 833 2976 reperire
849 2877 898 2950 est
921 2873 1030 2949 varias
1053 2874 1152 2973 quas·

169 2992 256 3067 dam
282 2994 447 3071 lectiones
486 3021 532 3070 ex
560 2999 645 3075 Mn.
676 2996 860 3074 codicibus
890 2979 1080 3073 Bodleiano
1118 3002 1172 3107 &s

169 3112 425 3189 Arundelliano
440 3126 642 3214 excerptas..

178 3288 180 3291 -
217 3236 372 3331 Joannes
396 3232 577 3334 Augustus
611 3240 833 3331 Eustasius,
868 3241 1079 3341 Germanus,
1116 3240 1152 3315 in

169 3356 330 3432 eamdem
344 3356 536 3454 palaestram
542 3358 670 3458 Lipfiae
681 3360 840 3458 ptoceffit
849 3386 942 3434 anno
954 3386 1150 3449 moccttu

168 3478 203 3549 a
219 3476 413 3553 maximam
429 3479 506 3579 post
520 3478 682 3577 Lipstum
703 3481 845 3555 laudem
862 3480 1064 3558 consecutus
1091 3482 1151 3558 est.

165 3598 207 3672 ln
234 3598 451 3676 conferendis
475 3599 572 3675 enim
588 3599 761 3675 veteribus
789 3600 1054 3700 editionibus&
1079 3602 1150 3679 Ms.

167 3718 290 3797 codice
306 3719 583 3821 Guelferbytano
607 3745 686 3796 acer
703 3725 736 3798 δι
754 3720 917 3824 diligens,
944 3727 1056 3803 multa
1073 3751 1152 3826 quae

570 3842 595 3917 b
619 3867 644 3933 4
