2834 4732
239 312 284 409 56
457 294 497 378 C.
531 303 804 375 Connnsrr
838 296 1050 373 Tncwr

237 481 360 556 omissa
390 480 498 568 caede,
527 479 683 576 praedam
714 476 916 552 sectamium
929 505 942 563 ;
966 475 1139 573 enisaeque
1172 478 1221 551 le·

239 603 371 702 giones,
412 596 668 696 vesperascente
699 599 771 691 die,
810 598 847 672 in
874 608 990 696 aperta
1019 602 1053 671 ἃ
1086 594 1220 672 solida:

239 748 350 822 neque
380 721 408 794 is
441 718 654 795 miseriarum
688 721 790 795 sinis:
834 720 1038 794 struendum
1070 720 1221 808 vallum,

236 845 405 943 petendus
422 867 555 941 agger:
583 842 702 916 amissa
718 845 848 942 magna
864 868 909 917 ex
926 862 1036 941 parte,
1064 864 1125 938 per
1141 865 1222 937 quae
1319 910 1326 923 ,

222 963 386 1064 ¹egeritur
413 965 555 1053 humus,
582 986 640 1037 aut
671 945 844 1038 cnciditur
872 963 1009 1062 cespes:
1046 988 1118 1035 non
1144 981 1221 1034 ten·

235 1085 322 1159 toria
354 1085 555 1183 manipulis,
599 1111 671 1158 non
703 1074 858 1159 fomenta
890 1084 1035 1158 sauciis:
1076 1082 1221 1156 insessos

235 1230 339 1280 coeno
366 1227 424 1280 aut
447 1232 568 1279 cruore
596 1206 693 1280 cibos
719 1207 929 1297 dividentes,
956 1205 1105 1280 funestas
1126 1227 1221 1278 tene-

235 1329 328 1416 bras,
356 1332 390 1400 &
424 1346 477 1399 tot
503 1327 696 1400 ‘hominum
718 1325 874 1402 millibus
897 1352 1010 1401 unum
1033 1325 1110 1425 jam
1145 1324 1222 1399 reli-

235 1473 348 1545 quum
361 1449 457 1521 diem
470 1451 759 1524 lamentabantur.
975 1524 977 1539 ,
1286 1434 1289 1442 ’

286 1568 422 1644 LXVI.
449 1572 585 1644 Fonte
611 1597 723 1669 equus
747 1570 902 1668 abruptis
921 1569 1067 1644 vinculis
1096 1594 1221 1668 vagus,

238 1691 272 1762 ἃ
301 1692 453 1764 clamore
481 1692 635 1781 territus,
677 1690 848 1789 quosdam
872 1691 1130 1766 occurrentium
1160 1691 1223 1764 ob·
1311 1744 1317 1751 -

237 1812 414 1885 turbavit:
453 1834 548 1886 tanta
574 1813 657 1885 inde
686 1813 916 1887 constematio
944 1813 1107 1910 inrupisse
1135 1814 1223 1884 Ger·

236 1957 360 2004 manos
385 1933 616 2023 credentium,
644 1952 684 2005 ut
707 1934 825 2006 cuncti
852 1955 991 2005 ruerent
1014 1934 1059 2004 ad
1082 1952 1222 2028 portas3

237 2077 387 2150 quarum
430 2054 636 2125 Decumana
673 2051 827 2125 maxime
870 2053 1064 2148 petebatur,
1107 2049 1225 2122 aversa

235 2171 338 2262 hosti,
366 2176 400 2245 &
427 2170 641 2272 fugientibus
665 2171 785 2245 tutior.
848 2170 1001 2262 Caecina,
1039 2189 1223 2264 comperto

235 2318 372 2366 vanam·
385 2294 452 2367 esse
468 2292 707 2384 formidinem,
734 2294 817 2367 cum
833 2312 950 2365 tamen
973 2315 1087 2388 neque
1101 2291 1222 2362 aucto-

236 2413 349 2503 ritate,
388 2439 502 2512 neque
528 2414 702 2512 precibus,
742 2441 787 2488 ne
813 2440 920 2488 manu
951 2412 1094 2512 quidem
1118 2408 1221 2484 obsis-

237 2554 323 2623 tere,
362 2555 421 2606 aut
446 2535 591 2609 retinere
617 2534 764 2609 militem
798 2536 934 2635 quiret3
976 2531 1146 2642 projecius
1188 2532 1224 2606 in
1317 2520 1320 2528 ¹

237 2639 358 2728 simine
381 2677 507 2753 portae,
534 2655 747 2732 miseratione
769 2660 931 2749 demum,
959 2657 1041 2756 quia
1063 2682 1123 2753 per
1147 2680 1225 2728 cor-

239 2802 305 2874 pus
328 2776 434 2876 legati
457 2781 613 2857 eundum
637 2802 722 2870 erat,
749 2781 875 2886 clausit
888 2780 1008 2853 viam:
1039 2778 1138 2849 simul
1163 2775 1223 2848 tri-

241 2897 328 2971 buni
341 2904 375 2971 sc
391 2900 610 2978 centuriones
626 2898 749 2975 falsum
763 2927 931 2998 pavorem
945 2904 1152 2973 docuerunt.

286 3020 439 3093 LXVII.
465 3023 583 3094 Tunc
608 3002 868 3097 conrnncros
891 3022 927 3095 in
948 3020 1132 3121 principia,
1153 3019 1226 3118 jus-

240 3138 362 3239 sosque
386 3141 479 3214 dicta
504 3169 587 3215 cum
621 3144 755 3217 silentio
783 3122 954 3242 accipere,
990 3142 1157 3240 temporis
1184 3166 1225 3213 ac

237 3261 439 3335 necessitatis
473 3284 605 3336 monet.
658 3267 821 3337 “Unam
851 3265 887 3336 in
926 3262 1032 3339 armis
1064 3262 1223 3352 salutem,

136 3384 140 3393 '
238 3376 339 3450 “sed
377 3407 418 3455 ea
460 3383 601 3457 consilio
645 3386 897 3481 temperanda:
939 3387 1227 3480 manendumque

237 3505 267 3564 ,“
283 3496 373 3589 intra
408 3506 555 3595 vallum,
581 3506 697 3580 donec
735 3506 964 3604 expugnandi
1000 3505 1114 3578 hostes
1150 3502 1222 3598 spe,

238 3625 267 3664 “
281 3619 424 3717 propiirs
451 3622 698 3700 succederent:
738 3654 825 3701 mox
851 3626 1010 3725 undique
1037 3647 1223 3720 erumpen-

239 3740 389 3815 “dum:
429 3741 488 3817 illa
524 3747 704 3846 eruptione
740 3749 785 3824 ad
822 3750 992 3825 Rhenum
1026 3743 1221 3845 perveniri:
1307 3832 1309 3834 ,
