2512 4696
26 364 27 368 =
88 324 175 420 176.
279 323 901 399 C.Connaa11Tncrrr

83 496 203 572 tris&
233 525 352 595 ganeae
382 520 533 597 paratus,
564 499 712 574 adsrduis
740 499 968 574 sermonibus·
982 500 1065 578 vul«

84 616 168 713 gati,
198 615 350 691 fecerant
367 645 501 709 curam,
534 646 579 693 ne
594 620 765 717 ¹Princeps
781 619 931 716 antiqua
949 623 1064 719 parci-

81 719 220 825 monia,
250 738 368 812 durius
401 741 606 812 adverteret.
672 742 768 813 Nam
801 739 986 836 incipiente
1015 745 1061 815 C.

80 856 217 947 Bibulo,
235 860 338 931 ceteri
357 885 499 959 quoque
516 860 632 932 aediles
648 859 886 947 disserueram,
906 858 1063 956 “sperni

81 976 372 1075 “sumptuariam
399 981 531 1077 legem,
556 976 745 1077 vetitaque
759 978 958 1053 utenfilium
982 1005 1063 1077 pre-

81 1107 108 1143 “
127 1099 173 1171 tia
199 1100 321 1198 augeri
348 1100 384 1173 in
416 1100 510 1174 dies:
538 1126 603 1173 nec
635 1099 871 1173 mediocribus
899 1100 1065 1174 remediis

81 1227 108 1262 “
126 1217 191 1291 srsti
225 1222 319 1318 posse
336 1223 372 1294 :''
414 1226 447 1295 δι
487 1220 634 1297 consulti
665 1243 788 1317 patres,
818 1219 995 1319 integrum
1024 1222 1066 1295 id

78 1340 262 1439 negotium
288 1343 334 1415 ad
349 1342 550 1441 Principem
566 1343 780 1435 distulerant.
829 1342 898 1413 Sed
922 1341 1067 1415 Tiberi-

79 1489 135 1551 us,
161 1461 249 1559 saepe
266 1464 361 1559 apud
378 1462 412 1537 se
441 1468 624 1560 pensitam,
649 1490 694 1536 an
720 1461 959 1543 cobrceritam
982 1488 1069 1558 pro·
1182 1443 1188 1454 ¹

81 1582 162 1658 susae
181 1582 362 1680 cupidines
380 1587 538 1682 possent;
557 1583 825 1658 numco'e'rcitio
844 1585 922 1679 plus
939 1583 1070 1657 damni

81 1704 118 1779 in
144 1703 397 1801 rempublicam
426 1703 556 1791 ferret;
585 1707 692 1804 quam
710 1704 915 1777 indecorum
931 1703 1069 1778 adtrec-

81 1846 152 1899 tare
177 1825 273 1922 quod
299 1849 370 1897 non
389 1825 583 1911 obtineret;
611 1828 668 1898 vel
697 1834 887 1914 retentum,
911 1823 1068 1922 ignomi-

81 1945 176 2018 niam
204 1949 238 2017 &
267 1939 452 2018 infamiam
476 1946 633 2019 virorum
657 1944 852 2017 inlustrium
883 1942 1068 2040 posceret:

83 2063 259 2164 postremo
288 2064 400 2137 literas
429 2065 475 2138 ad
504 2063 659 2137 senatum
676 2062 887 2158 composuit,
914 2089 1069 2159 quarum

83 2185 247 2271 sententia
264 2184 300 2275 in
317 2188 413 2259 hunc
430 2187 579 2259 modum
595 2184 672 2256 firit.

132 2308 232 2381 LIII.
257 2312 284 2348 “
302 2307 481 2380 Carenis
495 2304 632 2379 forfitan
649 2304 687 2377 in
709 2285 825 2396 rebus,
844 2320 957 2400 patres
974 2328 1063 2377 con-

86 2437 114 2474 “
131 2425 259 2525 scripti,
281 2425 395 2524 magis
420 2425 582 2524 expediat
617 2451 675 2496 me
701 2450 821 2498 coram
843 2424 1067 2522 interrogari,

87 2558 115 2595 “
134 2556 168 2624 δι
191 2547 307 2622 dicere
346 2545 432 2645 quid
459 2573 479 2619 e
510 2533 687 2643 republica
713 2542 895 2618 censeam:
928 2545 966 2618 in
999 2547 1093 2644 hac·

87 2680 115 2717 “
134 2669 312 2762 relatione,
341 2667 492 2743 subtrahi
508 2668 641 2748 ‘oeulos
664 2692 762 2739 meos
779 2665 902 2740 melius
919 2663 999 2757 fuit,
1026 2693 1073 2740 ne
1102 2737 1109 2746 ,

88 2801 116 2837 “
136 2790 384 2864 denotantibus
408 2788 600 2878 vobisora,
626 2814 666 2862 ac
685 2807 820 2861 metum
835 2788 1070 2885 fingulorum,

87 2910 196 3010 “qui
232 2912 390 3009 pudendi
430 2911 533 2984 luxus
566 2929 808 3008 arguerentur,
859 2906 929 3004 ipse
962 2908 1069 2981 etiam

57 3058 61 3063 ·
88 3038 115 3074 “
135 3029 293 3105 viderem
311 3059 382 3122 eos,
406 3059 445 3107 ac
469 3033 566 3105 velut
582 3031 894 3128 deprehenderem.
924 3028 1071 3127 Qrbdsr

89 3159 117 3196 “
137 3177 281 3225 mecum
297 3152 377 3224 ante
391 3152 455 3224 viri
472 3152 611 3240 strenui,
637 3150 769 3241 aediles,
807 3149 986 3224 confilium
1008 3150 1071 3220 ha·

89 3280 117 3315 “
137 3272 308 3359 buissent;
344 3271 458 3344 nescio
491 3297 535 3343 an
563 3270 716 3343 suasurus
751 3269 877 3345 fuerim
909 3269 1072 3343 omittere

93 3395 121 3429 ‘⁴
141 3391 256 3494 potius
281 3390 474 3490 praevalida
503 3395 536 3463 ὃ(
572 3389 691 3461 adulta
724 3389 824 3482 vitia,
865 3392 973 3488 quarn
992 3392 1074 3461 'hoc

90 3511 118 3546 “
136 3505 292 3604 adsequi,
327 3530 367 3583 ut
391 3512 508 3608 palam
536 3510 646 3600 fieret,
680 3509 808 3607 quibus
842 3507 978 3606 flagitiis
1000 3487 1069 3577 ina-⁵

90 3630 119 3679 ’ἕ
138 3648 235 3719 pares
262 3631 436 3704 essemus:
470 3629 527 3703 sed
561 3629 613 3702 illi
651 3630 797 3729 quidem
821 3626 935 3702 officio
955 3622 1069 3696 functi

91 3749 118 3785 “
136 3738 226 3832 sunt,
247 3763 286 3815 ut
306 3741 439 3823 ceteros
458 3775 599 3848 quoque
619 3750 840 3850 magistratus
865 3744 921 3819 sua
945 3743 1070 3818 munia
1106 3732 1114 3746 ⁸
