2760 4718
367 369 674 441 Anunarvm
704 364 818 436 Lra.
854 365 917 437 VI.
1065 392 1136 464 309

158 542 335 631 bantibus,
365 543 494 614 Surena
530 539 642 637 patrio
674 563 773 612 more
799 537 983 611 Tiridaten
1014 539 1139 641 insigni

158 663 255 762 regio
268 662 412 737 evinxit.

206 786 342 857 XLIII.
367 788 427 857 Ac
448 809 480 858 s1
503 807 654 856 srnrrm
673 781 845 870 interiora,
864 781 1060 881 ceterasque
1077 809 1137 857 na·

154 903 265 976 tiones
291 902 473 1001 petivisset,
500 905 660 1001 oppressa
684 901 925 975 cundIantium
949 903 1137 995 dubitatio,

135 1029 190 1097 ·&
218 1050 342 1096 omnes
375 1024 412 1106 in
438 1046 550 1095 unum
579 1024 775 1094 cedebant:
803 1023 992 1097 adsidendo
1016 1024 1137 1099 castel-

154 1145 244 1233 lum,
263 1143 299 1215 in
317 1143 415 1240 quod
434 1141 665 1238 pecuniam&
684 1143 823 1239 pellices
840 1147 1037 1219 Artabanus
1053 1172 1138 1220 con·

86 1257 90 1276 '
154 1264 292 1358 tulerat,
308 1262 406 1335 dedit
420 1262 569 1359 spatium
587 1259 737 1338 exuendi
756 1265 867 1361 pae'ta.
917 1266 1014 1338 Nam
1032 1267 1139 1338 Phra·

155 1404 241 1474 ates,
269 1387 302 1456 &
330 1383 458 1474 Hiero,
490 1387 523 1456 ὅτ
550 1388 573 1458 fi
599 1384 661 1482 qui
678 1384 736 1456 alii
764 1387 940 1459 delcetum
968 1386 1140 1482 capiendo

154 1503 345 1576 diademati
365 1504 461 1577 diem
477 1505 572 1578 haud
590 1506 933 1597 concelebraverant,
964 1532 1041 1602 pars
1064 1532 1139 1579 me·

155 1644 208 1713 tu,
238 1623 543 1724 quidaminvidirl
564 1625 599 1699 in
619 1624 843 1724 Abdagesen,
875 1626 935 1725 qui
952 1647 1029 1700 tum
1047 1629 1137 1717 auli,

158 1749 192 1817 &
211 1771 414 1848 novorege
439 1746 650 1845 potiebatur,
677 1748 721 1820 ad
752 1749 968 1841 Artabanum
994 1749 1147 1824 vertere.v

157 1863 258 1963 Isque
276 1866 311 1939 in
328 1867 504 1964 Hyrcanis
523 1856 678 1965 repertus
694 1868 758 1958 est,
776 1867 909 1941 inluvie
933 1872 1076 1961 obfitus,
1104 1875 1139 1944 δι

158 1987 322 2061 alimenta
355 2015 437 2063 arcu
464 1989 676 2087 expediens:
713 2014 753 2062 ac
787 1971 914 2086 primo,
955 2011 1140 2089 tamquam

156 2108 259 2182 dolus
277 2114 465 2207 pararetur,
484 2110 644 2198 territus;
662 2110 724 2184 ubi
739 2113 821 2184 data
834 2112 920 2185 fides
938 2120 973 2204 'l‘
991 2114 1140 2188 redden-

155 2235 183 2271 “
202 2230 257 2305 dae
275 2231 506 2308 dominationi
522 2232 692 2319 veniffe,”
708 2234 891 2304 adlevatur
907 2233 1080 2323 animum,
1104 2239 1140 2306 δι

155 2357 184 2402 ‘l
203 2377 282 2444 quae
299 2351 478 2444 repentina
494 2348 663 2420 mutati0”
691 2349 855 2445 exquirit.
905 2350 1004 2420 Tum
1023 2339 1152 2423 Hiero·

156 2465 390 2563 “pueritiam
415 2463 608 2536 Tiridatis’'
633 2465 814 2561 increpat;
842 2474 1003 2565 “neque
1034 2496 1139 2566 penes

157 2584 394 2660 “Arsaciden
428 2583 628 2681 imperium,
658 2585 717 2657 sed
741 2586 842 2659 inane
880 2614 1010 2662 nomen
1045 2595 1140 2688 apud

158 2705 385 2778 “imbellem
419 2708 561 2780 externa
589 2704 751 2801 mollitia,
779 2707 853 2782 vim
885 2708 921 2782 in
947 2711 1140 2812 Abdagefis

160 2835 189 2871 “
207 2828 353 2901 domo.''
1114 2857 1116 2863 ·

205 2950 340 3024 XLIV.
358 2916 504 3022 Seirsrr
523 2969 622 3022 vetus
639 2951 819 3049 regnandi,
838 2951 937 3028 falsos
953 2953 987 3025 in
1005 2979 1139 3045 amore,
1230 2961 1232 2964 ’

156 3069 238 3143 odia
263 3095 334 3141 non
352 3071 507 3166 fingere:
534 3096 599 3143 nec
616 3072 705 3147 ultra
730 3096 901 3164 moratus,
928 3077 1035 3173 quam
1052 3076 1141 3151 dum

147 3192 363 3294 xScytharum
393 3189 523 3263 auxilia
552 3191 721 3283 conciret,
757 3195 870 3294 pergit
895 3222 1075 3294 properus,
1106 3203 1141 3272 δι

157 3310 371 3411 preveniens
397 3310 618 3388 inimicorum
652 3314 755 3416 astus,
794 3308 990 3390 amicorum
1031 3318 1139 3414 paeni-

156 3432 321 3507 tentiam:
342 3458 456 3530 neque
472 3454 615 3506 exuerat
633 3435 824 3531 paedorem,
851 3458 887 3509 ut
904 3439 1053 3536 vulgum
1072 3441 1138 3512 mi-

157 3552 323 3650 seratione
345 3553 555 3627 adverteret:
587 3579 659 3627 non
675 3552 780 3645 fraus,
808 3582 878 3629 non
896 3561 1027 3655 preces,
1053 3562 1140 3634 nihil

156 3674 333 3763 omilium,
352 3699 425 3772 quo
448 3674 635 3771 ambiguos
659 3675 826 3766 inliceret,
856 3680 1006 3778 prompti
1024 3683 1140 3754 finna-

157 3816 286 3878 rentur.
335 3799 488 3895 Jamque
510 3798 619 3873 multa
636 3823 742 3888 manu
759 3797 957 3898 propinqua
974 3800 1139 3891 Seleqciae
