<?xml version="1.0" encoding="UTF-8"?>
<!DOCTYPE html PUBLIC "-//W3C//DTD XHTML 1.0 Transitional//EN"
    "http://www.w3.org/TR/xhtml1/DTD/xhtml1-transitional.dtd">
<html xmlns="http://www.w3.org/1999/xhtml" xml:lang="en" lang="en">
 <head>
  <title>
</title>
<meta http-equiv="Content-Type" content="text/html;charset=utf-8" />
  <meta name='ocr-system' content='tesseract 3.04.00' />
  <meta name='ocr-capabilities' content='ocr_page ocr_carea ocr_par ocr_line ocrx_word'/>
</head>
<body>
  <div class='ocr_page' id='page_1' title='image "./ccorneliitaciti00freigoog_0284.png"; bbox 0 0 2760 4718; ppageno 0'>
   <div class='ocr_carea' id='block_1_1' title="bbox 342 353 1234 457">
    <p class='ocr_par' dir='ltr' id='par_1_1' title="bbox 342 353 1234 457">
     <span class='ocr_line' id='line_1_1' title="bbox 342 353 1234 457; baseline 0.055 -42"><span class='ocrx_word' id='word_1_1' title='bbox 342 358 651 428; x_wconf 9' lang='lat' dir='ltr'>‘Anuntrnn</span> <span class='ocrx_word' id='word_1_2' title='bbox 694 353 804 425; x_wconf 81' lang='lat' dir='ltr'>Lrn.</span> <span class='ocrx_word' id='word_1_3' title='bbox 845 353 908 426; x_wconf 62' lang='grc' dir='ltr'>Νι</span> <span class='ocrx_word' id='word_1_4' title='bbox 1047 381 1116 457; x_wconf 73' lang='lat'>233</span> <span class='ocrx_word' id='word_1_5' title='bbox 1197 366 1234 455; x_wconf 74' lang='grc' dir='ltr'> </span> 
     </span>
    </p>
   </div>
   <div class='ocr_carea' id='block_1_2' title="bbox 112 524 1207 3280">
    <p class='ocr_par' dir='ltr' id='par_1_2' title="bbox 128 524 1169 2326">
     <span class='ocr_line' id='line_1_2' title="bbox 146 524 1119 623; baseline -0.002 -18"><span class='ocrx_word' id='word_1_6' title='bbox 146 530 176 574; x_wconf 84' lang='lat'><em>“</em></span> <span class='ocrx_word' id='word_1_7' title='bbox 194 530 284 623; x_wconf 76' lang='lat' dir='ltr'>tas,&#39;’</span> <span class='ocrx_word' id='word_1_8' title='bbox 308 529 398 604; x_wconf 84' lang='lat' dir='ltr'>testis</span> <span class='ocrx_word' id='word_1_9' title='bbox 429 529 610 620; x_wconf 89' lang='lat' dir='ltr'>AEmilius,</span> <span class='ocrx_word' id='word_1_10' title='bbox 636 554 657 602; x_wconf 91' lang='lat' dir='ltr'>e</span> <span class='ocrx_word' id='word_1_11' title='bbox 684 529 887 603; x_wconf 84' lang='lat' dir='ltr'>militaribus</span> <span class='ocrx_word' id='word_1_12' title='bbox 910 524 1004 617; x_wconf 87' lang='lat' dir='ltr'>viris,</span> <span class='ocrx_word' id='word_1_13' title='bbox 1029 529 1119 603; x_wconf 92' lang='lat' dir='ltr'>dum</span> 
     </span>
     <span class='ocr_line' id='line_1_3' title="bbox 145 646 1122 749; baseline -0.004 -23"><span class='ocrx_word' id='word_1_14' title='bbox 145 652 258 726; x_wconf 88' lang='lat' dir='ltr'>studio</span> <span class='ocrx_word' id='word_1_15' title='bbox 274 651 446 749; x_wconf 87' lang='lat' dir='ltr'>probandi</span> <span class='ocrx_word' id='word_1_16' title='bbox 469 653 596 725; x_wconf 71' lang='lat' dir='ltr'>cuncta</span> <span class='ocrx_word' id='word_1_17' title='bbox 619 646 735 740; x_wconf 86' lang='lat' dir='ltr'>refert,</span> <span class='ocrx_word' id='word_1_18' title='bbox 752 655 796 729; x_wconf 76' lang='grc' dir='ltr'>,δι</span> <span class='ocrx_word' id='word_1_19' title='bbox 827 673 1043 748; x_wconf 85' lang='lat' dir='ltr'>quamquam</span> <span class='ocrx_word' id='word_1_20' title='bbox 1067 650 1122 722; x_wconf 60' lang='lat' dir='ltr'>ina</span> 
     </span>
     <span class='ocr_line' id='line_1_4' title="bbox 145 768 1121 869; baseline -0.002 -25"><span class='ocrx_word' id='word_1_21' title='bbox 145 791 199 846; x_wconf 90' lang='lat' dir='ltr'>ter</span> <span class='ocrx_word' id='word_1_22' title='bbox 213 771 449 869; x_wconf 85' lang='lat' dir='ltr'>obstrepentes</span> <span class='ocrx_word' id='word_1_23' title='bbox 475 773 603 869; x_wconf 61' lang='lat' dir='ltr'>magni</span> <span class='ocrx_word' id='word_1_24' title='bbox 624 768 880 843; x_wconf 88' lang='lat' dir='ltr'>adseveratione</span> <span class='ocrx_word' id='word_1_25' title='bbox 900 768 1034 858; x_wconf 86' lang='lat' dir='ltr'>nititur,</span> <span class='ocrx_word' id='word_1_26' title='bbox 1060 795 1121 842; x_wconf 67' lang='lat' dir='ltr'>aud</span> 
     </span>
     <span class='ocr_line' id='line_1_5' title="bbox 128 890 1169 991; baseline 0 -27"><span class='ocrx_word' id='word_1_27' title='bbox 128 892 232 965; x_wconf 74' lang='lat' dir='ltr'>&#39;divit</span> <span class='ocrx_word' id='word_1_28' title='bbox 246 892 410 967; x_wconf 87' lang='lat' dir='ltr'>Tiberius</span> <span class='ocrx_word' id='word_1_29' title='bbox 434 894 577 991; x_wconf 88' lang='lat' dir='ltr'>probra,</span> <span class='ocrx_word' id='word_1_30' title='bbox 603 892 683 989; x_wconf 84' lang='lat' dir='ltr'>quls</span> <span class='ocrx_word' id='word_1_31' title='bbox 712 917 771 988; x_wconf 88' lang='lat' dir='ltr'>pet</span> <span class='ocrx_word' id='word_1_32' title='bbox 792 892 969 963; x_wconf 89' lang='lat' dir='ltr'>occultum</span> <span class='ocrx_word' id='word_1_33' title='bbox 993 890 1120 969; x_wconf 86' lang='lat' dir='ltr'>lacera·</span> <span class='ocrx_word' id='word_1_34' title='bbox 1163 903 1169 918; x_wconf 82' lang='lat'><em>&#39;</em></span> 
     </span>
     <span class='ocr_line' id='line_1_6' title="bbox 142 1008 1119 1111; baseline -0.001 -24"><span class='ocrx_word' id='word_1_35' title='bbox 142 1016 263 1088; x_wconf 86' lang='lat' dir='ltr'>batur:</span> <span class='ocrx_word' id='word_1_36' title='bbox 292 1014 450 1111; x_wconf 74' lang='lat' dir='ltr'>adeoque</span> <span class='ocrx_word' id='word_1_37' title='bbox 473 1009 646 1109; x_wconf 84' lang='lat' dir='ltr'>perculsus</span> <span class='ocrx_word' id='word_1_38' title='bbox 668 1011 731 1101; x_wconf 85' lang='lat' dir='ltr'>est,</span> <span class='ocrx_word' id='word_1_39' title='bbox 758 1031 797 1084; x_wconf 90' lang='lat' dir='ltr'>ut</span> <span class='ocrx_word' id='word_1_40' title='bbox 815 1018 842 1053; x_wconf 90' lang='lat'><strong><em>“</em></strong></span> <span class='ocrx_word' id='word_1_41' title='bbox 859 1008 892 1082; x_wconf 88' lang='lat' dir='ltr'>se</span> <span class='ocrx_word' id='word_1_42' title='bbox 916 1012 974 1083; x_wconf 88' lang='lat' dir='ltr'>vel</span> <span class='ocrx_word' id='word_1_43' title='bbox 990 1010 1119 1104; x_wconf 89' lang='lat' dir='ltr'>statim,</span> 
     </span>
     <span class='ocr_line' id='line_1_7' title="bbox 145 1131 1121 1232; baseline 0 -26"><span class='ocrx_word' id='word_1_44' title='bbox 145 1140 174 1176; x_wconf 92' lang='lat'><strong>“</strong></span> <span class='ocrx_word' id='word_1_45' title='bbox 192 1136 250 1207; x_wconf 84' lang='lat' dir='ltr'>vel</span> <span class='ocrx_word' id='word_1_46' title='bbox 267 1134 304 1206; x_wconf 90' lang='lat' dir='ltr'>in</span> <span class='ocrx_word' id='word_1_47' title='bbox 316 1133 515 1231; x_wconf 82' lang='lat' dir='ltr'>cognitione</span> <span class='ocrx_word' id='word_1_48' title='bbox 532 1133 788 1232; x_wconf 82' lang='lat' dir='ltr'>purgaturum’&#39;</span> <span class='ocrx_word' id='word_1_49' title='bbox 804 1131 1016 1217; x_wconf 84' lang='lat' dir='ltr'>clamitaret3</span> <span class='ocrx_word' id='word_1_50' title='bbox 1044 1159 1121 1231; x_wconf 75' lang='lat' dir='ltr'>pre-</span> 
     </span>
     <span class='ocr_line' id='line_1_8' title="bbox 144 1251 1122 1353; baseline -0.001 -25"><span class='ocrx_word' id='word_1_51' title='bbox 144 1252 313 1352; x_wconf 85' lang='lat' dir='ltr'>cibusque</span> <span class='ocrx_word' id='word_1_52' title='bbox 331 1253 589 1351; x_wconf 86' lang='lat' dir='ltr'>ptoximorum,</span> <span class='ocrx_word' id='word_1_53' title='bbox 616 1251 815 1326; x_wconf 84' lang='lat' dir='ltr'>adulatione</span> <span class='ocrx_word' id='word_1_54' title='bbox 831 1251 1006 1344; x_wconf 90' lang='lat' dir='ltr'>omnium,</span> <span class='ocrx_word' id='word_1_55' title='bbox 1032 1278 1122 1353; x_wconf 85' lang='lat' dir='ltr'>aegre</span> 
     </span>
     <span class='ocr_line' id='line_1_9' title="bbox 147 1372 1121 1472; baseline -0.001 -23"><span class='ocrx_word' id='word_1_56' title='bbox 147 1395 375 1472; x_wconf 87' lang='lat' dir='ltr'>componeret</span> <span class='ocrx_word' id='word_1_57' title='bbox 391 1375 561 1447; x_wconf 88' lang='lat' dir='ltr'>animum.</span> <span class='ocrx_word' id='word_1_58' title='bbox 612 1377 659 1447; x_wconf 88' lang='lat' dir='ltr'>Et</span> <span class='ocrx_word' id='word_1_59' title='bbox 682 1372 853 1448; x_wconf 88' lang='lat' dir='ltr'>Votienus</span> <span class='ocrx_word' id='word_1_60' title='bbox 876 1373 1020 1471; x_wconf 90' lang='lat' dir='ltr'>quidem</span> <span class='ocrx_word' id='word_1_61' title='bbox 1045 1396 1121 1448; x_wconf 89' lang='lat' dir='ltr'>tna·</span> 
     </span>
     <span class='ocr_line' id='line_1_10' title="bbox 141 1490 1123 1594; baseline 0 -24"><span class='ocrx_word' id='word_1_62' title='bbox 141 1493 272 1594; x_wconf 86' lang='lat' dir='ltr'>jestatis</span> <span class='ocrx_word' id='word_1_63' title='bbox 294 1495 409 1594; x_wconf 88' lang='lat' dir='ltr'>poenis</span> <span class='ocrx_word' id='word_1_64' title='bbox 436 1493 592 1570; x_wconf 63' lang='lat' dir='ltr'>adfedlus</span> <span class='ocrx_word' id='word_1_65' title='bbox 615 1494 677 1569; x_wconf 87' lang='lat' dir='ltr'>est.</span> <span class='ocrx_word' id='word_1_66' title='bbox 727 1492 839 1567; x_wconf 87' lang='lat' dir='ltr'>Caesar</span> <span class='ocrx_word' id='word_1_67' title='bbox 861 1490 1123 1591; x_wconf 72' lang='lat' dir='ltr'>objeetamnbi</span> 
     </span>
     <span class='ocr_line' id='line_1_11' title="bbox 145 1614 1122 1716; baseline 0.001 -26"><span class='ocrx_word' id='word_1_68' title='bbox 145 1616 319 1716; x_wconf 24' lang='lat' dir='ltr'>adversus·</span> <span class='ocrx_word' id='word_1_69' title='bbox 333 1643 409 1691; x_wconf 89' lang='lat' dir='ltr'>reos</span> <span class='ocrx_word' id='word_1_70' title='bbox 445 1616 703 1695; x_wconf 86' lang='lat' dir='ltr'>inclementiam</span> <span class='ocrx_word' id='word_1_71' title='bbox 724 1614 776 1713; x_wconf 82' lang='lat' dir='ltr'>eb</span> <span class='ocrx_word' id='word_1_72' title='bbox 805 1614 1018 1712; x_wconf 75' lang='lat' dir='ltr'>pervicacius</span> <span class='ocrx_word' id='word_1_73' title='bbox 1047 1643 1122 1691; x_wconf 89' lang='lat' dir='ltr'>am·</span> 
     </span>
     <span class='ocr_line' id='line_1_12' title="bbox 145 1736 1124 1837; baseline 0.002 -26"><span class='ocrx_word' id='word_1_74' title='bbox 145 1741 286 1837; x_wconf 80' lang='lat' dir='ltr'>plexus,</span> <span class='ocrx_word' id='word_1_75' title='bbox 312 1737 507 1837; x_wconf 87' lang='lat' dir='ltr'>Aquiliam,</span> <span class='ocrx_word' id='word_1_76' title='bbox 534 1736 691 1816; x_wconf 89' lang='lat' dir='ltr'>adulterii</span> <span class='ocrx_word' id='word_1_77' title='bbox 713 1737 878 1827; x_wconf 88' lang='lat' dir='ltr'>delatam,</span> <span class='ocrx_word' id='word_1_78' title='bbox 904 1751 987 1812; x_wconf 80' lang='lat' dir='ltr'>&#39;cum</span> <span class='ocrx_word' id='word_1_79' title='bbox 1019 1738 1124 1813; x_wconf 86' lang='lat' dir='ltr'>Vario</span> 
     </span>
     <span class='ocr_line' id='line_1_13' title="bbox 144 1857 1123 1960; baseline 0.003 -29"><span class='ocrx_word' id='word_1_80' title='bbox 144 1859 294 1958; x_wconf 82' lang='lat' dir='ltr'>Ligure,</span> <span class='ocrx_word' id='word_1_81' title='bbox 321 1885 536 1960; x_wconf 78' lang='lat' dir='ltr'>quamquam</span> <span class='ocrx_word' id='word_1_82' title='bbox 564 1859 736 1931; x_wconf 82' lang='lat' dir='ltr'>Lentulus</span> <span class='ocrx_word' id='word_1_83' title='bbox 763 1857 971 1950; x_wconf 78' lang='lat' dir='ltr'>Gaetulicus,</span> <span class='ocrx_word' id='word_1_84' title='bbox 1004 1860 1123 1936; x_wconf 87' lang='lat' dir='ltr'>consul</span> 
     </span>
     <span class='ocr_line' id='line_1_14' title="bbox 142 1978 1119 2080; baseline 0.004 -27"><span class='ocrx_word' id='word_1_85' title='bbox 142 1981 358 2080; x_wconf 85' lang='lat' dir='ltr'>defignatus,</span> <span class='ocrx_word' id='word_1_86' title='bbox 384 1982 463 2079; x_wconf 89' lang='lat' dir='ltr'>lege</span> <span class='ocrx_word' id='word_1_87' title='bbox 478 1979 572 2077; x_wconf 76' lang='lat' dir='ltr'>Julit</span> <span class='ocrx_word' id='word_1_88' title='bbox 592 1980 797 2068; x_wconf 83' lang='lat' dir='ltr'>damnalset,</span> <span class='ocrx_word' id='word_1_89' title='bbox 823 1978 943 2053; x_wconf 86' lang='lat' dir='ltr'>exfilio</span> <span class='ocrx_word' id='word_1_90' title='bbox 960 1981 1119 2080; x_wconf 89' lang='lat' dir='ltr'>punivit:</span> 
     </span>
     <span class='ocr_line' id='line_1_15' title="bbox 143 2088 1121 2201; baseline 0.004 -26"><span class='ocrx_word' id='word_1_91' title='bbox 143 2095 390 2201; x_wconf 83' lang='lat' dir='ltr'>Apidiumque</span> <span class='ocrx_word' id='word_1_92' title='bbox 415 2102 607 2191; x_wconf 83' lang='lat' dir='ltr'>Merulam,</span> <span class='ocrx_word' id='word_1_93' title='bbox 636 2088 664 2141; x_wconf 63' lang='lat'>‘²</span> <span class='ocrx_word' id='word_1_94' title='bbox 682 2097 778 2197; x_wconf 77' lang='lat' dir='ltr'>quod</span> <span class='ocrx_word' id='word_1_95' title='bbox 803 2098 840 2173; x_wconf 93' lang='lat' dir='ltr'>in</span> <span class='ocrx_word' id='word_1_96' title='bbox 862 2103 938 2175; x_wconf 70' lang='lat' dir='ltr'>acia</span> <span class='ocrx_word' id='word_1_97' title='bbox 954 2102 1029 2178; x_wconf 89' lang='lat' dir='ltr'>divi</span> <span class='ocrx_word' id='word_1_98' title='bbox 1045 2109 1121 2179; x_wconf 90' lang='lat' dir='ltr'>Au·</span> 
     </span>
     <span class='ocr_line' id='line_1_16' title="bbox 143 2216 1015 2326; baseline -0.001 -30"><span class='ocrx_word' id='word_1_99' title='bbox 143 2229 173 2266; x_wconf 91' lang='grc'><strong>“</strong></span> <span class='ocrx_word' id='word_1_100' title='bbox 190 2222 282 2326; x_wconf 86' lang='lat' dir='ltr'>gusti</span> <span class='ocrx_word' id='word_1_101' title='bbox 298 2249 370 2296; x_wconf 91' lang='lat' dir='ltr'>non</span> <span class='ocrx_word' id='word_1_102' title='bbox 378 2219 597 2321; x_wconf 87' lang='lat' dir='ltr'>juraverat,&#39;’</span> <span class='ocrx_word' id='word_1_103' title='bbox 622 2222 704 2296; x_wconf 84' lang='lat' dir='ltr'>albo</span> <span class='ocrx_word' id='word_1_104' title='bbox 721 2216 886 2295; x_wconf 87' lang='lat' dir='ltr'>senatorio</span> <span class='ocrx_word' id='word_1_105' title='bbox 907 2227 1015 2297; x_wconf 78' lang='lat' dir='ltr'>erasit.</span> 
     </span>
    </p>

    <p class='ocr_par' dir='ltr' id='par_1_3' title="bbox 112 2327 1207 3280">
     <span class='ocr_line' id='line_1_17' title="bbox 138 2327 1207 2449; baseline -0.001 -32"><span class='ocrx_word' id='word_1_106' title='bbox 138 2368 141 2373; x_wconf 86' lang='lat'><em>·</em></span> <span class='ocrx_word' id='word_1_107' title='bbox 188 2345 324 2449; x_wconf 62' lang='lat' dir='ltr'><strong>XLIII.</strong></span> <span class='ocrx_word' id='word_1_108' title='bbox 351 2348 528 2416; x_wconf 72' lang='lat' dir='ltr'>Aurum</span> <span class='ocrx_word' id='word_1_109' title='bbox 555 2341 684 2418; x_wconf 91' lang='lat' dir='ltr'>dehinc</span> <span class='ocrx_word' id='word_1_110' title='bbox 710 2327 1065 2417; x_wconf 77' lang='lat' dir='ltr'>Lacedaeinoniomm</span> <span class='ocrx_word' id='word_1_111' title='bbox 1087 2349 1123 2423; x_wconf 75' lang='grc' dir='ltr'>δι</span> <span class='ocrx_word' id='word_1_112' title='bbox 1154 2403 1161 2412; x_wconf 80' lang='grc'><strong><em>,</em></strong></span> <span class='ocrx_word' id='word_1_113' title='bbox 1205 2438 1207 2444; x_wconf 13' lang='lat'><strong>¹</strong></span> 
     </span>
     <span class='ocr_line' id='line_1_18' title="bbox 140 2459 1121 2561; baseline 0.002 -24"><span class='ocrx_word' id='word_1_114' title='bbox 140 2460 397 2537; x_wconf 76' lang='lat' dir='ltr'>Melleniorum</span> <span class='ocrx_word' id='word_1_115' title='bbox 431 2461 621 2561; x_wconf 84' lang='lat' dir='ltr'>legationes</span> <span class='ocrx_word' id='word_1_116' title='bbox 633 2492 645 2550; x_wconf 90' lang='lat'>;</span> <span class='ocrx_word' id='word_1_117' title='bbox 670 2463 715 2536; x_wconf 90' lang='lat' dir='ltr'>de</span> <span class='ocrx_word' id='word_1_118' title='bbox 740 2459 820 2560; x_wconf 90' lang='lat' dir='ltr'>jure</span> <span class='ocrx_word' id='word_1_119' title='bbox 846 2462 970 2559; x_wconf 91' lang='lat' dir='ltr'>templi</span> <span class='ocrx_word' id='word_1_120' title='bbox 997 2461 1121 2539; x_wconf 80' lang='lat' dir='ltr'>Dianae</span> 
     </span>
     <span class='ocr_line' id='line_1_19' title="bbox 112 2578 1121 2686; baseline 0.002 -31"><span class='ocrx_word' id='word_1_121' title='bbox 112 2578 368 2672; x_wconf 59' lang='lat' dir='ltr'>unimodis,</span> <span class='ocrx_word' id='word_1_122' title='bbox 396 2588 425 2624; x_wconf 90' lang='lat'><strong>“</strong></span> <span class='ocrx_word' id='word_1_123' title='bbox 442 2584 540 2686; x_wconf 88' lang='lat' dir='ltr'>quod</span> <span class='ocrx_word' id='word_1_124' title='bbox 559 2581 626 2657; x_wconf 89' lang='lat' dir='ltr'>suis</span> <span class='ocrx_word' id='word_1_125' title='bbox 657 2609 679 2656; x_wconf 89' lang='lat' dir='ltr'>a</span> <span class='ocrx_word' id='word_1_126' title='bbox 706 2581 906 2682; x_wconf 90' lang='lat' dir='ltr'>majoribus,</span> <span class='ocrx_word' id='word_1_127' title='bbox 932 2581 1059 2681; x_wconf 72' lang='lat' dir='ltr'>sultque</span> <span class='ocrx_word' id='word_1_128' title='bbox 1083 2584 1121 2658; x_wconf 91' lang='lat' dir='ltr'>in</span> 
     </span>
     <span class='ocr_line' id='line_1_20' title="bbox 142 2701 1120 2796; baseline 0.004 -22"><span class='ocrx_word' id='word_1_129' title='bbox 142 2707 172 2745; x_wconf 88' lang='lat'><strong>“</strong></span> <span class='ocrx_word' id='word_1_130' title='bbox 191 2704 278 2776; x_wconf 64' lang='lat' dir='ltr'>terra</span> <span class='ocrx_word' id='word_1_131' title='bbox 293 2701 492 2796; x_wconf 88' lang='lat' dir='ltr'>dicatum,&#39;&#39;</span> <span class='ocrx_word' id='word_1_132' title='bbox 516 2704 779 2779; x_wconf 81' lang='lat' dir='ltr'>Lacedaemonii</span> <span class='ocrx_word' id='word_1_133' title='bbox 803 2705 989 2777; x_wconf 86' lang='lat' dir='ltr'>firmabant</span> <span class='ocrx_word' id='word_1_134' title='bbox 1014 2729 1120 2778; x_wconf 86' lang='lat' dir='ltr'>anna-</span> 
     </span>
     <span class='ocr_line' id='line_1_21' title="bbox 141 2820 1120 2925; baseline 0.002 -30"><span class='ocrx_word' id='word_1_135' title='bbox 141 2820 230 2896; x_wconf 90' lang='lat' dir='ltr'>lium</span> <span class='ocrx_word' id='word_1_136' title='bbox 245 2826 426 2916; x_wconf 74' lang='lat' dir='ltr'>memoril,</span> <span class='ocrx_word' id='word_1_137' title='bbox 452 2846 647 2925; x_wconf 88' lang='lat' dir='ltr'>vatumque</span> <span class='ocrx_word' id='word_1_138' title='bbox 663 2825 893 2900; x_wconf 87' lang='lat' dir='ltr'>carminibus:</span> <span class='ocrx_word' id='word_1_139' title='bbox 922 2832 950 2868; x_wconf 89' lang='lat'><strong>“</strong></span> <span class='ocrx_word' id='word_1_140' title='bbox 963 2822 1020 2898; x_wconf 88' lang='lat' dir='ltr'>scd</span> <span class='ocrx_word' id='word_1_141' title='bbox 1037 2826 1120 2897; x_wconf 81' lang='lat' dir='ltr'>Ma·</span> 
     </span>
     <span class='ocr_line' id='line_1_22' title="bbox 141 2928 1161 3046; baseline 0.003 -29"><span class='ocrx_word' id='word_1_142' title='bbox 141 2951 170 2989; x_wconf 89' lang='lat'>“</span> <span class='ocrx_word' id='word_1_143' title='bbox 189 2945 329 3018; x_wconf 89' lang='lat' dir='ltr'>cedonis</span> <span class='ocrx_word' id='word_1_144' title='bbox 355 2946 523 3045; x_wconf 89' lang='lat' dir='ltr'>Philippi,</span> <span class='ocrx_word' id='word_1_145' title='bbox 549 2973 634 3022; x_wconf 90' lang='lat' dir='ltr'>cum</span> <span class='ocrx_word' id='word_1_146' title='bbox 650 2974 722 3046; x_wconf 93' lang='lat' dir='ltr'>quo</span> <span class='ocrx_word' id='word_1_147' title='bbox 745 2948 937 3036; x_wconf 80' lang='lat' dir='ltr'>bellass&#39;ent,</span> <span class='ocrx_word' id='word_1_148' title='bbox 962 2944 1067 3019; x_wconf 85' lang='lat' dir='ltr'>armis</span> <span class='ocrx_word' id='word_1_149' title='bbox 1083 2971 1119 3020; x_wconf 90' lang='lat' dir='ltr'>a·</span> <span class='ocrx_word' id='word_1_150' title='bbox 1156 2928 1161 2935; x_wconf 13' lang='grc' dir='ltr'><strong>Χ</strong></span> 
     </span>
     <span class='ocr_line' id='line_1_23' title="bbox 141 3064 1121 3165; baseline 0.003 -28"><span class='ocrx_word' id='word_1_151' title='bbox 141 3069 171 3109; x_wconf 83' lang='grc'><strong>“</strong></span> <span class='ocrx_word' id='word_1_152' title='bbox 188 3064 390 3165; x_wconf 89' lang='lat' dir='ltr'>demptum,</span> <span class='ocrx_word' id='word_1_153' title='bbox 421 3093 461 3140; x_wconf 91' lang='lat' dir='ltr'>ac</span> <span class='ocrx_word' id='word_1_154' title='bbox 486 3066 562 3164; x_wconf 82' lang='lat' dir='ltr'>pbst</span> <span class='ocrx_word' id='word_1_155' title='bbox 589 3071 633 3142; x_wconf 87' lang='lat' dir='ltr'>C.</span> <span class='ocrx_word' id='word_1_156' title='bbox 661 3065 803 3141; x_wconf 74' lang='lat' dir='ltr'>caesaris</span> <span class='ocrx_word' id='word_1_157' title='bbox 826 3072 860 3141; x_wconf 77' lang='grc' dir='ltr'>δι</span> <span class='ocrx_word' id='word_1_158' title='bbox 886 3069 944 3141; x_wconf 88' lang='grc' dir='ltr'>Μ.</span> <span class='ocrx_word' id='word_1_159' title='bbox 972 3065 1121 3142; x_wconf 89' lang='lat' dir='ltr'>Antonii</span> 
     </span>
     <span class='ocr_line' id='line_1_24' title="bbox 140 3184 1118 3280; baseline 0.003 -22"><span class='ocrx_word' id='word_1_160' title='bbox 140 3192 170 3230; x_wconf 90' lang='lat'><strong>“</strong></span> <span class='ocrx_word' id='word_1_161' title='bbox 188 3184 591 3262; x_wconf 48' lang='lat' dir='ltr'>sententilrredditumss’</span> <span class='ocrx_word' id='word_1_162' title='bbox 640 3189 772 3262; x_wconf 77' lang='lat' dir='ltr'>contra</span> <span class='ocrx_word' id='word_1_163' title='bbox 798 3187 976 3280; x_wconf 82' lang='lat' dir='ltr'>Meffenii,</span> <span class='ocrx_word' id='word_1_164' title='bbox 1011 3195 1039 3230; x_wconf 90' lang='lat'>“</span> <span class='ocrx_word' id='word_1_165' title='bbox 1057 3212 1118 3261; x_wconf 83' lang='lat' dir='ltr'>ve-</span> 
     </span>
    </p>
   </div>
   <div class='ocr_carea' id='block_1_3' title="bbox 25 3306 1119 3408">
    <p class='ocr_par' dir='ltr' id='par_1_4' title="bbox 25 3306 1119 3408">
     <span class='ocr_line' id='line_1_25' title="bbox 25 3306 1119 3408; baseline 0.006 -34"><span class='ocrx_word' id='word_1_166' title='bbox 25 3350 27 3356; x_wconf 32' lang='grc' dir='ltr'><strong>ψ</strong></span> <span class='ocrx_word' id='word_1_167' title='bbox 141 3312 171 3350; x_wconf 87' lang='grc'><strong>“</strong></span> <span class='ocrx_word' id='word_1_168' title='bbox 187 3326 297 3379; x_wconf 79' lang='lat' dir='ltr'>terem</span> <span class='ocrx_word' id='word_1_169' title='bbox 320 3306 410 3381; x_wconf 87' lang='lat' dir='ltr'>inter</span> <span class='ocrx_word' id='word_1_170' title='bbox 426 3309 595 3383; x_wconf 85' lang='lat' dir='ltr'>Herculis</span> <span class='ocrx_word' id='word_1_171' title='bbox 613 3310 765 3408; x_wconf 89' lang='lat' dir='ltr'>posteros</span> <span class='ocrx_word' id='word_1_172' title='bbox 777 3349 781 3354; x_wconf 43' lang='lat'>⁴</span> <span class='ocrx_word' id='word_1_173' title='bbox 793 3309 997 3383; x_wconf 79' lang='lat' dir='ltr'>divisionem</span> <span class='ocrx_word' id='word_1_174' title='bbox 1016 3309 1119 3381; x_wconf 90' lang='lat' dir='ltr'>Pelo·</span> 
     </span>
    </p>
   </div>
   <div class='ocr_carea' id='block_1_4' title="bbox 139 3425 1119 3770">
    <p class='ocr_par' dir='ltr' id='par_1_5' title="bbox 139 3425 1119 3770">
     <span class='ocr_line' id='line_1_26' title="bbox 140 3425 1119 3529; baseline 0.006 -30"><span class='ocrx_word' id='word_1_175' title='bbox 140 3432 171 3472; x_wconf 87' lang='lat'><strong>“</strong></span> <span class='ocrx_word' id='word_1_176' title='bbox 188 3429 354 3524; x_wconf 88' lang='lat' dir='ltr'>ponnefi&#39;&#39;</span> <span class='ocrx_word' id='word_1_177' title='bbox 372 3431 559 3526; x_wconf 68' lang='lat' dir='ltr'>protulere,</span> <span class='ocrx_word' id='word_1_178' title='bbox 587 3437 614 3473; x_wconf 93' lang='lat'><strong>“</strong></span> <span class='ocrx_word' id='word_1_179' title='bbox 627 3428 758 3528; x_wconf 90' lang='lat' dir='ltr'>suoque</span> <span class='ocrx_word' id='word_1_180' title='bbox 774 3429 848 3529; x_wconf 85' lang='lat' dir='ltr'>regi</span> <span class='ocrx_word' id='word_1_181' title='bbox 859 3425 1119 3506; x_wconf 88' lang='lat' dir='ltr'>Dentheliatem</span> 
     </span>
     <span class='ocr_line' id='line_1_27' title="bbox 141 3547 1118 3647; baseline 0.004 -27"><span class='ocrx_word' id='word_1_182' title='bbox 141 3553 170 3591; x_wconf 90' lang='lat'><strong>“</strong></span> <span class='ocrx_word' id='word_1_183' title='bbox 186 3573 329 3647; x_wconf 87' lang='lat' dir='ltr'>agrum,</span> <span class='ocrx_word' id='word_1_184' title='bbox 356 3547 490 3646; x_wconf 87' lang='lat' dir='ltr'>inquo</span> <span class='ocrx_word' id='word_1_185' title='bbox 517 3550 554 3623; x_wconf 92' lang='lat' dir='ltr'>id</span> <span class='ocrx_word' id='word_1_186' title='bbox 581 3551 785 3641; x_wconf 87' lang='lat' dir='ltr'>delubrum,</span> <span class='ocrx_word' id='word_1_187' title='bbox 820 3550 968 3623; x_wconf 84' lang='lat' dir='ltr'>ceffiffe:</span> <span class='ocrx_word' id='word_1_188' title='bbox 1002 3550 1118 3624; x_wconf 92' lang='lat' dir='ltr'>moni·</span> 
     </span>
     <span class='ocr_line' id='line_1_28' title="bbox 139 3667 1117 3770; baseline 0 -27"><span class='ocrx_word' id='word_1_189' title='bbox 139 3674 169 3711; x_wconf 87' lang='lat'><strong>“</strong></span> <span class='ocrx_word' id='word_1_190' title='bbox 187 3688 375 3768; x_wconf 73' lang='lat' dir='ltr'>menteque</span> <span class='ocrx_word' id='word_1_191' title='bbox 400 3667 472 3767; x_wconf 86' lang='lat' dir='ltr'>ejus</span> <span class='ocrx_word' id='word_1_192' title='bbox 498 3669 546 3743; x_wconf 91' lang='lat' dir='ltr'>rei</span> <span class='ocrx_word' id='word_1_193' title='bbox 573 3668 704 3769; x_wconf 89' lang='lat' dir='ltr'>sculpta</span> <span class='ocrx_word' id='word_1_194' title='bbox 731 3671 831 3760; x_wconf 86' lang='lat' dir='ltr'>saxis,</span> <span class='ocrx_word' id='word_1_195' title='bbox 858 3672 891 3743; x_wconf 91' lang='lat'>&amp;</span> <span class='ocrx_word' id='word_1_196' title='bbox 915 3695 981 3744; x_wconf 85' lang='lat' dir='ltr'>aere</span> <span class='ocrx_word' id='word_1_197' title='bbox 1003 3668 1117 3770; x_wconf 91' lang='lat' dir='ltr'>prisco</span> 
     </span>
    </p>
   </div>
   <div class='ocr_carea' id='block_1_5' title="bbox 106 3789 1130 3909">
    <p class='ocr_par' dir='ltr' id='par_1_6' title="bbox 106 3789 1130 3909">
     <span class='ocr_line' id='line_1_29' title="bbox 106 3789 1130 3909; baseline 0.004 -44"><span class='ocrx_word' id='word_1_198' title='bbox 106 3896 109 3909; x_wconf 34' lang='grc' dir='ltr'>Ι</span> <span class='ocrx_word' id='word_1_199' title='bbox 139 3794 169 3832; x_wconf 88' lang='grc'><strong>“</strong></span> <span class='ocrx_word' id='word_1_200' title='bbox 185 3814 347 3866; x_wconf 61' lang='lat' dir='ltr'>manere,</span> <span class='ocrx_word' id='word_1_201' title='bbox 387 3790 496 3891; x_wconf 72' lang='lat' dir='ltr'>Quid</span> <span class='ocrx_word' id='word_1_202' title='bbox 524 3793 708 3887; x_wconf 76' lang='lat' dir='ltr'>litatum,</span> <span class='ocrx_word' id='word_1_203' title='bbox 746 3791 923 3870; x_wconf 83' lang='lat' dir='ltr'>annalium</span> <span class='ocrx_word' id='word_1_204' title='bbox 950 3792 996 3866; x_wconf 88' lang='lat' dir='ltr'>ad</span> <span class='ocrx_word' id='word_1_205' title='bbox 1023 3789 1130 3869; x_wconf 35' lang='lat' dir='ltr'>testi-s</span> 
     </span>
    </p>
   </div>
   <div class='ocr_carea' id='block_1_6' title="bbox 0 0 1384 4718">
    <p class='ocr_par' dir='ltr' id='par_1_7' title="bbox 0 0 1384 4718">
     <span class='ocr_line' id='line_1_30' title="bbox 0 0 1384 4718; baseline 0 0"><span class='ocrx_word' id='word_1_206' title='bbox 0 0 1384 4718; x_wconf 95' lang='lat' dir='ltr'> </span> 
     </span>
    </p>
   </div>
  </div>
 </body>
</html>
