2760 4718
340 292 655 430 ‘tirannum
686 291 894 426 LrnVIs
1082 374 1151 452 313

174 522 240 606 teri
255 530 354 629 ejus,
385 534 453 605 Cn.
483 527 673 617 Domitius,
699 528 822 603 Vibius
839 523 989 618 Marsus,
1020 528 1066 601 L.
1085 533 1151 601 Ar·

176 651 322 726 rontius.
371 653 429 725 De
453 649 657 724 claritudine
674 647 822 721 Domitii
850 648 951 746 suprlr
978 668 1162 722 memora-³

177 773 238 845 vi:
265 770 401 846 Marsus
419 794 564 869 quoque,
578 769 719 842 vetustis
734 768 936 860 romnus,
955 772 989 841 a
1007 769 1156 843 inlustra
1228 751 1234 757 ’

175 891 296 966 studiis
327 911 413 963 erat.
463 890 531 962 Sed
570 890 753 962 “testium
781 889 1055 986 interrogationi,
1083 911 1154 963 tor-

174 1019 203 1054 “
220 1010 349 1084 mentis
365 1009 544 1083 servorum
566 1011 776 1083 Macronem
795 1007 1024 1106 pmsedisle,'’
1056 1035 1154 1084 com-

172 1129 337 1203 mentarii
360 1130 406 1200 ad
421 1128 578 1202 senatum
606 1129 693 1201 miffi
716 1128 893 1222 serebant;
917 1131 1092 1228 nullaeque
1120 1130 1156 1203 in

174 1274 235 1321 eos
250 1248 476 1345 Imperatoris
494 1249 617 1338 literae,
636 1247 866 1347 suspicionem
883 1252 1028 1341 dabant,
1052 1252 1151 1324 inva-
1258 1274 1261 1282 ’

175 1368 250 1440 lido
265 1393 307 1442 ac
322 1361 459 1442 fortasse
475 1369 612 1468 ignaro,
632 1372 711 1444 fieta
727 1372 905 1469 pleraque,
933 1370 980 1443 ob
1004 1371 1155 1446 inimici·
1205 1402 1207 1410 ’

174 1489 241 1562 tias
267 1490 448 1564 Macronis
475 1512 575 1563 notas
604 1490 640 1563 in
669 1490 891 1564 Arruntium.

224 1611 395 1684 XLVIII.
421 1612 561 1684 Iorrun
587 1609 766 1684 Domitius
781 1609 1017 1685 defensionem
1043 1609 1154 1684 medi-

176 1748 267 1820 tans,
296 1730 432 1805 Marsus
448 1752 631 1829 tamquam
650 1731 803 1806 inediam
818 1733 1065 1822 destinavisset,
1078 1755 1157 1829 pro·
1295 1835 1297 1841 ‚

170 1853 311 1925 duxsre
328 1851 447 1925 vitam.
498 1852 699 1945 Arruntius,
719 1854 977 1927 cunslationem
1010 1858 1045 1926 δι
1079 1880 1155 1925 mo-

176 1997 232 2045 ras
259 1971 482 2047 suadentibus
508 1973 644 2063 amicis,
674 1981 702 2016 “
717 1975 802 2046 Non
836 1976 959 2050 eadem
991 1973 1156 2048 omnibus

177 2100 206 2136 “
223 2094 390 2185 deoora,'’
417 2092 619 2194 respondit:
657 2102 688 2138 ⁴‘
705 2093 858 2169 abisaia
876 2097 1010 2171 aetatis:
1042 2118 1157 2192 neque

174 2223 204 2282 ‘f
221 2217 319 2289 aliud
336 2214 592 2315 penitendum,
616 2218 726 2313 quam
753 2215 864 2313 quiid,
887 2218 977 2290 inter
1006 2216 1156 2288 ludibria

171 2343 203 2380 “
222 2342 257 2407 a
278 2336 445 2429 pericula,
478 2334 621 2406 anxiam
647 2334 820 2407 seneeum
844 2333 1068 2423 toleravisset,
1094 2333 1157 2406 diu

173 2459 204 2495 “
222 2450 359 2547 Seiano,
378 2474 472 2524 nunc
490 2451 666 2542 Macroni,
689 2451 825 2548 semper
839 2453 944 2527 alicui
959 2453 1155 2551 potentium
1193 2530 1195 2539 ,

177 2578 204 2614 “
222 2568 376 2655 invisus3
408 2595 479 2641 non
506 2572 622 2667 culpa,
650 2571 713 2645 sed
738 2594 778 2645 ut
802 2573 1018 2671 flagitiorum
1042 2573 1154 2671 impa-

173 2698 205 2744 μ
222 2686 323 2762 tiens.
342 2714 345 2718 ’
373 2689 460 2761 Sane
483 2714 612 2786 paucos
641 2697 675 2765 δι
701 2691 879 2790 supremos
895 2693 1067 2791 Principis
1081 2693 1156 2767 dies

168 2819 203 2870 s‘
222 2813 319 2909 posse
337 2810 462 2896 vitari;
486 2813 792 2908 quemadmodum
819 2812 1004 2889 evasurum
1037 2815 1154 2888 immi*
1233 2891 1235 2896 ,
1277 2845 1282 2856 ·

173 2939 205 2980 “
225 2932 338 3003 nentis
348 2927 556 3026 juventam?
588 2938 649 3005 An
672 2932 758 3007 clun
781 2933 959 3026 Tiberius,
986 2935 1062 3032 post
1078 2955 1154 3009 tan·

175 3058 295 3123 “tam
311 3073 426 3124 mmm
443 3051 712 3150 experientiam,
743 3054 779 3127 vi
800 3055 1047 3129 dominationis
1071 3081 1155 3130 con-

177 3169 341 3245 “vulsus
372 3176 406 3245 &
433 3191 587 3246 mutatus
609 3178 662 3264 sn,
693 3176 736 3247 C.
754 3173 940 3266 Caesarem,
969 3176 1030 3249 vix
1058 3177 1156 3252 finiti

173 3300 204 3336 ‘⁴
224 3291 384 3389 pueritia,
406 3290 570 3391 ignarum
585 3295 762 3387 omnium,
790 3316 850 3370 aut
878 3296 1027 3394 pessimis
1053 3297 1155 3374 innu·

175 3419 213 3456 ‘⁶
223 3412 360 3504 tritum,
389 3413 535 3487 meliora
551 3416 809 3512 capessiturum,
835 3418 1007 3490 Macrone
1033 3419 1152 3494 duce?

175 3537 204 3575 “
220 3532 297 3630 qui,
326 3554 367 3607 ut
399 3533 566 3625 deterior,
602 3536 648 3608 ad
682 3536 960 3634 opprimendum
990 3538 1153 3638 Sejanmn

174 3660 205 3695 “
222 3653 391 3743 deleatur,
433 3655 533 3752 plura
559 3680 619 3753 per
641 3654 766 3730 scelera
787 3658 1041 3755 rempublicam
1065 3670 1153 3733 con*

176 3781 204 3817 “
224 3773 429 3850 slisiavisset.
461 3768 774 3877 ‚Prospedtarejam
792 3776 824 3853 se
836 3778 946 3856 acrius
962 3779 1153 3870 tervisina,
1204 3859 1206 3865 ,
