2738 4710
175 416 1169 672 o eoRNELU

242 742 1002 873 ,TA'CJTJ

298 1041 1049 1142 ANNALES.

408 1326 623 1397 Ltunn
672 1273 959 1398 ininius.

389 1567 974 1606 w*-

186 1732 386 1884 Unnnnr
420 1791 576 1862 Ronrnnr
618 1815 639 1862 a
672 1784 845 1888 principio
878 1810 975 1884 reges
1008 1784 1170 1859 habuere.
1201 1875 1205 1883 x

81 1936 83 1939 ·
183 1908 406 1990 Libertatem
426 1915 459 1982 δι
477 1899 691 1984 consulatum
707 1913 753 1983 L.
767 1912 891 2013 Brutus
908 1905 1064 1980 instituit.
1082 1907 1169 1985 Dic-

60 2027 65 2031 ’
184 2048 310 2102 taturae
343 2031 387 2104 ad
421 2051 560 2129 ternpus
588 2029 834 2105 sumebantur:
869 2053 985 2128 neque
1028 2028 1170 2101 decern·

183 2148 300 2222 viralis
339 2151 485 2248 potestas
517 2152 609 2225 ultra
641 2151 838 2242 biennium,
866 2175 980 2247 neque
1013 2148 1169 2222 tribuno-

181 2296 264 2344 rum
307 2270 460 2346 militurn
500 2263 680 2370 consulere
707 2271 767 2370 jus
808 2271 870 2345 diu
913 2268 1041 2369 valuit„
1085 2272 1171 2342 Non

183 2390 323 2483 Cinnae,
350 2419 421 2467 non
447 2395 552 2467 Sullae
580 2395 685 2492 longa
710 2391 919 2467 dominatio:
949 2398 981 2464 δι
1010 2391 1170 2488 Pompeii

185 2512 362 2609 Craffique
376 2513 544 2611 potentia,
559 2513 630 2587 cito
643 2513 677 2588 in
695 2512 863 2588 Caesarem
876 2542 887 2600 ;
902 2511 1046 2611 Lepidi,
1066 2535 1172 2610 atque

189 2633 336 2705 Antonii
369 2661 476 2726 arma,
504 2635 540 2708 in
571 2635 770 2734 Augustum
789 2637 936 2720 cedern
956 2634 1018 2730 qui
1048 2636 1174 2706 cuneta

74 2850 79 2864 .
186 2751 364 2832 discordiis
381 2756 544 2830 civilibus
561 2754 657 2845 ferra,
684 2754 826 2828 nomine
849 2756 1009 2846 Principis
1024 2751 1087 2825 sub
1104 2751 1170 2825 irn-

188 2873 326 2969 perium
342 2877 488 2974 accepit.
537 2877 605 2950 Sed
623 2877 745 2949 veteris
764 2872 886 2972 populi
906 2871 1060 2944 Romani
1079 2871 1171 2970 pros-

187 3017 288 3090 pera,
301 2997 358 3066 vel
369 2995 520 3085 adversa,
535 2998 629 3070 claris
640 2996 858 3095 scriptoribus
869 3012 1060 3066 memorata
1069 2992 1146 3066 sunt
1161 3025 1170 3068 ε
1292 3009 1295 3015 “

56 3213 61 3218 ,
184 3113 475 3214 temporibusque
486 3118 633 3215 Augusti
646 3116 802 3192 dicendis
816 3141 887 3188 non
897 3113 1036 3189 defuere
1048 3115 1174 3190 decora

184 3233 341 3332 ingenia,
367 3237 482 3311 donec
500 3237 664 3337 gliscente
697 3237 896 3312 adulatione
913 3238 1174 3310 deterrerentur.

184 3354 333 3449 Tiberii,
347 3359 511 3458 Caiique,
527 3365 561 3432 δι
574 3359 728 3450 Claudii,
747 3385 786 3432 ac
805 3356 956 3455 Neronis
969 3334 1033 3442 res,
1049 3358 1174 3429 ssoren-
1270 3428 1278 3450 ,ἲ

108 3526 110 3530 v
183 3475 279 3551 tibus
294 3478 453 3578 ipsis,'ob
471 3500 609 3554 metum
626 3478 739 3565 falsae3
759 3474 943 3575 postquarn
961 3475 1173 3566 occiderant,
1279 3511 1286 3529 ·

183 3599 378 3693 recentibus
407 3600 502 3676 odiis
533 3602 733 3695 compofitae
751 3597 839 3670 sunt.
890 3596 976 3668 Inde
992 3596 1175 3671 confilium

181 3717 269 3801 mihi
286 3747 397 3830 pauca
415 3725 464 3798 de
483 3717 662 3823 Augusto,
688 3714 898 3796 &extrema
913 3718 1069 3794 tradere:
1091 3739 1177 3788 mox

645 3839 673 3916 B
692 3863 711 3917 2
