2796 4724
318 121 325 156 l
403 156 404 159 ,

246 333 316 420 ιη
444 343 1020 438 C.ContrEr1rTAc1r1

248 529 275 566 “
294 518 580 616 feminarumque.
649 520 829 592 Accedere
867 518 969 616 ipfius
987 578 991 582 .
1010 521 1223 599 caerimoniae

248 649 276 685 “
289 641 523 740 difficultates,
542 664 620 737 quae
638 637 794 711 consulti)
812 640 1020 727 vitarentur;
1053 646 1087 715 δι
1107 670 1220 740 quan·

249 768 276 806 “
294 764 341 836 do
360 760 468 833 exiret
493 786 513 832 e
534 759 614 858 jure
639 760 761 857 patrio,
786 761 848 858 qui
865 761 902 834 id
920 761 1114 835 flaminium
1132 765 1221 860 apis·
1242 782 1246 789 '

246 889 273 926 “
291 902 435 972 emetur,
465 906 617 980 quaeque
643 881 679 952 in
706 858 859 955 manum·
875 882 1024 955 flaminis
1050 883 1220 966 conveni

166 1011 169 1014 ’
247 1010 274 1047 “
293 1023 354 1076 ret.
404 1004 455 1076 lta
474 1003 689 1074 medendum
705 1000 839 1076 senatlts
854 1004 1009 1092 decreto,
1038 1024 1096 1076 aut
1115 1005 1220 1103 lege3

245 1251 273 1288 “
292 1246 437 1343 quitate,
461 1246 506 1317 ad
529 1242 729 1342 praesentem
752 1242 855 1331 ,usum
880 1242 1063 1317 flexiffet.’'
1112 1244 1225 1342 Igitur'

242 1363 393 1438 tradatis
422 1364 664 1463 religionibus,
690 1364 858 1461 placitum
886 1363 1085 1437 “instituto
1111 1364 1225 1437 flami-

245 1490 381 1559 “num
404 1485 491 1558 nihil
507 1484 680 1558 demutari
698 1486 735 1558 :’'
756 1483 813 1558 sed
838 1487 906 1559 lata
928 1485 1002 1576 lex,
1029 1489 1098 1584 qud
1119 1494 1147 1530 “
1162 1477 1224 1562 fla·

246 1614 275 1655 “
294 1606 425 1680 minica
448 1605 559 1680 Dialis
582 1604 758 1680 sacrorum
780 1608 881 1680 causd
902 1605 938 1679 in
957 1607 1123 1704 potestate
1145 1607 1223 1698 viri,

201 1762 204 1769 ¹
246 1731 404 1802 “cetera
440 1725 636 1824 promiscuo
660 1726 869 1800 seminarum
887 1724 967 1824 jure
995 1730 1161 1825 ageret:’'
1189 1734 1224 1802 δε

244 1848 336 1922 filius
359 1847 614 1945 Maluginenfis
632 1847 718 1945 patri
736 1847 905 1922 suffedtus.
956 1847 1079 1947 thue
1104 1848 1224 1948 glisce-

244 1988 297 2042 ret
326 1967 485 2064 dignatio
507 1967 742 2056 sacerdotum,
780 1987 885 2064 atque
919 1968 998 2064 ipsrs
1029 1970 1226 2066 promptior

156 2137 166 2143 --
242 2087 377 2160 animus
405 2084 509 2158 foret
530 2087 575 2156 ad
599 2087 822 2182 capessendas
850 2086 1079 2174 caerimonias,
1103 2089 1223 2161 decre-

243 2185 319 2282 tum
356 2206 569 2279 “Cornelia
594 2205 738 2304 virgini,
768 2233 847 2305 quae
873 2207 909 2279 in
935 2209 1054 2293 locum
1075 2206 1222 2280 Scantiae

246 2339 273 2375 “
292 2329 506 2428 capiebatur,
543 2330 658 2419 LLS.
685 2313 763 2413 irim
800 2333 833 2401 &
871 2327 1030 2426 quotiens
1059 2328 1222 2426 Augusta

246 2455 466 2524 “theatrum
494 2448 674 2539 introisset,
711 2469 750 2522 ut
773 2447 869 2532 sedes
904 2448 991 2522 inter
1029 2447 1222 2522 Vestalium

245 2579 273 2627 tt
291 2571 522 2645 confideret.''
939 2625 944 2633 .
1106 2669 1107 2677 ἵ

293 2695 410 2768 XVII.
446 2694 658 2766 Conuunro
694 2693 868 2792 Cethego,
902 2691 1043 2766 Visellio
1071 2694 1227 2767 Varrone

193 2816 195 2821 ’
244 2815 442 2891 consulibus
470 2814 664 2911 pontifices,
695 2816 1080 2912 eorumque'exemplo
1119 2814 1225 2887 ceteri

231 2936 446 3024 sacerdotes,
485 2936 568 3009 cirrn
598 2961 662 3032 pro
687 2934 928 3011 incolumitate
951 2935 1122 3040 Principis
1142 2953 1227 3009 veta

168 3036 172 3044 Ι
243 3056 463 3154 susciperent,
492 3056 676 3129 Neronem
696 3060 902 3156 quoque&
932 3057 1085 3131 Drusum
1103 3054 1225 3130 iisdem

244 3179 311 3253 diis
328 3176 622 3251 commendavdre
630 3205 641 3262 3
668 3202 740 3249 non
769 3197 842 3251 tant
870 3176 1009 3252 caritate
1035 3178 1224 3278 juvenum,

244 3301 353 3396 quam
370 3295 595 3372 adulatione:
629 3323 708 3396 quta
742 3297 899 3372 moribus
926 3300 1112 3397 corruptis,
1148 3325 1228 3398 per-

245 3417 328 3490 inde
350 3408 642 3517 ancepssrnulla,
679 3422 713 3492 δι
731 3418 792 3491 ubi
808 3418 917 3494 nimia
933 3420 994 3494 est.
1045 3424 1142 3494 Nam
1160 3416 1225 3492 Ti·
1288 3441 1293 3451 ²

244 3536 359 3612 berius
386 3540 481 3610 haud
510 3543 681 3637 umquam
721 3539 844 3614 domui
878 3541 1081 3615 Germanici
1118 3538 1224 3629 mitis,

243 3677 319 3736 turn
349 3655 433 3726 vero
472 3660 645 3757 “aquari
683 3659 914 3735 adolescentes
947 3660 1091 3735 senecta
1118 3657 1226 3751 suae,’'

82 3792 85 3807 ·
165 3848 167 3853 ,
243 3770 465 3892 impatienter
488 3775 664 3861 indoluit;
699 3779 896 3876 accitosque
929 3780 1110 3877 pontifices
1144 3804 1224 3874 per-
