2834 4732
374 344 378 350 ·
417 319 734 430 Arruntios:
768 315 890 386 Lan:
924 317 953 387 1.
1136 341 1180 417 55

145 537 148 550 ι
238 494 354 568 LXV.
391 493 483 566 Nox
500 517 562 588 per
578 489 712 564 diversa
728 488 896 588 inquies:
932 488 1016 562 cum
1044 492 1182 566 barbari

170 651 174 660 ·
198 611 285 688 sestis
304 613 429 712 epulis,
447 615 527 686 laeto
545 633 661 702 cantu,
696 631 757 684 aut
785 608 871 683 truci
894 607 1017 682 sonore
1033 608 1185 707 subjecta

198 734 343 809 vallium
368 760 409 806 ac
439 733 639 806 resultantes
677 730 780 804 saltus
796 731 1038 828 complerent3
1088 734 1183 829 apud

194 859 378 929 Romanos
394 853 538 927 invalidi
556 855 668 952 ignes,
701 852 900 948 interrupta
923 876 1041 942 voces,
1081 873 1186 950 atque

198 976 260 1073 ipsr
278 979 399 1074 passim
416 972 612 1072 adjacerent
639 974 748 1063 vallo,
784 974 986 1050 oberrarent
1016 973 1185 1065 tentoriis,
1234 1003 1237 1011 ·

197 1096 370 1170 insomnes
389 1095 500 1194 magis
518 1096 626 1193 quim
645 1092 844 1192 pervigiles.
886 1094 1098 1193 Ducemque
1114 1071 1201 1168 ter-³

195 1217 264 1290 ruit
280 1217 357 1291 dira
373 1217 489 1316 quies:
518 1242 600 1289 nam
617 1214 850 1312 Quoslilium
870 1215 1002 1287 Varum
1019 1214 1184 1313 sanguine

197 1339 362 1427 oblitum,
391 1343 423 1409 ἃ
443 1330 627 1433 paludibus
644 1320 829 1424 emersum,
856 1360 996 1408 eernere
1014 1341 1047 1408 sa
1066 1337 1184 1412 audire

199 1454 290 1530 visus
307 1458 367 1546 est,
394 1459 490 1530 velut
516 1478 716 1545 vocantem,
743 1482 815 1528 non
842 1477 959 1529 tamen
987 1455 1181 1551 obsecutus,

200 1583 234 1652 &
271 1603 416 1652 manum
449 1578 657 1651 intendentis
696 1576 864 1674 repulisse.
933 1577 1058 1675 Coepts
1090 1580 1181 1671 luce,

198 1698 308 1772 millae
341 1699 378 1771 in
410 1701 518 1772 latera
550 1699 702 1797 legiones
735 1719 846 1787 metu,
872 1724 917 1771 an
950 1700 1182 1792 contumacis,

199 1823 321 1894 locum
346 1818 550 1894 deseruere:
578 1839 679 1918 capto
702 1819 847 1917 propere
865 1845 1006 1918 campo,
1033 1822 1183 1894 humen-

154 1954 159 1961 ’
198 1941 246 2015 tia
276 1942 377 2014 ultra.
426 1943 556 2039 Neque
585 1960 703 2014 tamen
736 1940 932 2031 Arminius,
968 1966 1182 2040 quamquam
1278 1935 1281 1943 ’

196 2061 307 2136 libero
339 2061 490 2153 incursu,
529 2061 856 2159 statimiprorupit:
896 2061 954 2136 sed
978 2083 1026 2142 ut
1057 2061 1183 2136 haessre

195 2209 299 2257 coeno
315 2181 474 2281 fossisque
504 2182 772 2280 impedimenta,
799 2185 928 2259 turbati
956 2183 1088 2259 circum
1117 2183 1182 2257 mi-

195 2304 284 2395 lites,
311 2303 463 2378 incertus
490 2308 668 2403 signorum
694 2307 796 2394 ordo,
822 2325 931 2404 utque
955 2305 1014 2378 tali
1040 2306 1076 2378 in
1093 2288 1181 2378 tem}

197 2450 282 2523 pore
310 2424 371 2498 fibi
402 2422 548 2522 quisque
578 2410 761 2522 properus,
801 2430 834 2500 δι
868 2427 971 2499 lentae
998 2427 1184 2500 adversum

82 2550 84 2558 '
197 2544 341 2642 imperia
373 2555 486 2635 aures,
523 2539 719 2643 inr'umpere
751 2549 947 2621 Germanos
958 2545 1074 2647 jubet,
1111 2550 1181 2621 cla·

200 2664 339 2755 mirans,
367 2673 393 2773 ‘f
414 2669 470 2739 En
487 2669 613 2756 Varus,
642 2647 960 2767 &eodemgiterum
985 2666 1057 2742 fato
1079 2667 1182 2741 vieta

198 2787 395 2886 “legiones
410 2789 448 2860 !''
473 2787 583 2863 Simul
599 2789 699 2862 haec:
729 2793 762 2863 &
789 2815 872 2862 cum
898 2787 1038 2861 delestis
1059 2786 1183 2861 scindit

199 2934 340 3007 agmen,
379 2907 546 3007 equisque
580 2910 744 2983 maxime·
765 2912 908 2983 vulnera
940 2907 1091 3004 ingerit:
1132 2909 1181 2983 illi

200 3026 365 3126 sanguine
387 3029 464 3119 suo,
491 3035 523 3102 δι
552 3032 685 3106 lubrico
714 3032 884 3129 paludum
913 3029 1090 3128 lapsantes,
1117 3057 1179 3104 ex-

199 3151 299 3223 cussis
333 3147 526 3222 rectoribus
557 3148 712 3248 disjicere
744 3152 884 3241 obvios,
927 3172 1099 3259 proterere
1125 3150 1178 3249 ja·

199 3290 340 3343 centes:
369 3268 537 3366 plurimus
563 3271 653 3345 circa
677 3272 809 3370 aquilas
833 3273 944 3360 labor,
972 3297 1050 3369 quae
1067 3298 1182 3372 neque

199 3392 388 3465 adversum
406 3389 484 3465 ferri
509 3391 706 3490 ingruentia
731 3395 813 3482 tela,
840 3417 954 3490 neque
979 3390 1041 3490 figi
1058 3393 1182 3471 limosi

199 3513 311 3586 humo
345 3533 513 3610 poterant.
563 3512 705 3588 Caecina
742 3515 830 3587 dum
863 3510 1022 3587 sustentat
1054 3516 1178 3608 aciem,

197 3633 337 3708 suffosso
360 3659 455 3732 equo
478 3631 637 3730 delapsus
661 3632 1013 3726 circumveniebatur,
1044 3636 1081 3708 ni
1110 3637 1180 3735 pri-

199 3781 258 3828 ma
277 3753 371 3855 legio
394 3754 460 3831 sese
484 3752 707 3853 opposuisset:
728 3752 824 3852 juvit
849 3756 999 3833 hostium
1012 3756 1181 3848 aviditas,

664 3876 732 3968 ΕΔ,
