2512 4696
87 316 186 418 186ῃ
309 342 354 415 C.
393 342 638 416 Conuantr
668 341 850 415 Tacrrr

84 519 112 558 “
128 509 342 610 septemviris
359 500 503 589 simul&
517 515 688 590 sodalibus
706 511 959 613 Augustalibus
976 513 1058 588 ode·

84 640 112 677 “
128 633 241 705 rent!
283 632 471 709 Censuerat
498 637 545 709 L.
584 623 773 733 Apronius,
814 640 842 676 “
859 654 899 706 ut
923 633 1061 709 feciale!

65 754 108 798 '“
127 777 271 851 quoque
297 752 338 827 iis
357 754 446 829 ludis
464 758 680 853 praesrderent
694 758 732 828 :''
750 754 961 829 contradixit
977 758 1057 830 Cae·

78 871 141 963 sar,
168 872 332 948 distincto
357 875 629 950 sacerdotiorum
648 875 741 975 jure,
775 882 809 949 δε
827 875 979 972 repetitis
994 901 1057 949 ert-

79 993 228 1093 amplis:
261 997 548 1095 “nequeenim
581 1021 752 1099 umquam
782 994 959 1071 ferialibus
987 999 1058 1072 hoc

80 1123 109 1161 “
125 1113 309 1215 majestatis
325 1115 436 1191 fuisse.
454 1094 539 1192 ldeo
559 1116 771 1216 Augustales
788 1115 960 1211 adjedos,
971 1104 1077 1217 quiav
1171 1172 1176 1185 .

79 1239 307 1336 “proprium
353 1237 425 1338 ejus
458 1241 587 1312 domus
609 1236 837 1313 sacerdotium
873 1239 968 1331 esset,
994 1261 1059 1338 pro
1117 1310 1123 1324 ,

78 1365 108 1403 “
128 1362 197 1459 qua
225 1382 308 1434 vota
337 1360 651 1459 persolverentur.'’
994 1355 998 1369 ’

128 1476 247 1556 LXV.
272 1485 452 1570 Exstruit
484 1479 673 1565 sententiat
697 1481 792 1553 haud
821 1478 961 1571 institui,
999 1479 1061 1556 nist

80 1601 230 1702 infignes
260 1629 321 1702 per
348 1602 547 1692 honestum,
585 1622 644 1676 aut
680 1600 826 1678 notabili
859 1601 1059 1705 dedecore:

82 1725 179 1822 quod
196 1724 413 1822 pracipuurn
439 1749 568 1797 munus
590 1722 768 1796 annalium
798 1748 890 1812 reor,-
917 1747 961 1795 ne
987 1722 1060 1796 vir-

80 1863 170 1916 tutes
203 1845 373 1932 sileantur,
406 1865 516 1940 utque
544 1844 659 1941 pravis
690 1844 792 1917 dietis
821 1841 987 1941 sociisque
1013 1868 1060 1928 ex

80 1963 272 2059 posteritate
290 1968 323 2036 δι
342 1961 483 2035 infamia
501 1983 614 2036 metus
632 1968 682 2036 fit.
719 1965 887 2036 Ceterum*
901 1986 1065 2062 tempora

79 2083 139 2156 illa
154 2080 243 2155 adeo
260 2079 400 2169 insedit,
427 2086 460 2153 δι
495 2081 694 2154 adulatione
721 2080 858 2153 sordida
884 2081 995 2172 fuere,
1021 2105 1062 2158 ut

80 2228 151 2281 non
168 2179 283 2276 modb
299 2200 468 2299 primores
485 2198 648 2289 civitatis,
663 2199 790 2298 quibus
807 2201 977 2275 claritudo
998 2203 1061 2282 sua
1090 2231 1093 2241 ¹

80 2320 253 2420 obsequiis
271 2321 487 2419 protegenda
502 2341 599 2413 erat3
624 2319 682 2395 sed
700 2344 821 2394 omnes
847 2319 1057 2415 consulares,

80 2468 210 2542 magna
236 2468 314 2541 pars
337 2467 473 2532 eorum,
494 2440 555 2540 qui
571 2447 719 2540 praeturd
737 2440 861 2531 strndli,
887 2444 1073 2546 multique¹

81 2566 185 2642 etiam
203 2563 336 2664 pedarii
362 2563 532 2638 senatores
549 2564 705 2638 certatim
723 2560 961 2662 exsurgerent,
993 2563 1061 2642 soe·

81 2689 199 2787 daque
237 2688 271 2758 δι
301 2683 408 2762 nimia
432 2683 617 2759 censerent.
676 2686 861 2762 Memoriae
886 2686 1061 2783 proditur,

79 2807 282 2898 Tiberium,
325 2807 486 2906 quotient
525 2792 619 2883 cuna
655 2809 892 2907 egrederetur,
929 2809 1063 2884 Graecis

82 2929 198 3005 verbis
224 2929 261 3002 in
285 2927 379 3004 hunc
398 2929 545 3002 modum
566 2928 684 3026 eloqui
706 2927 859 3019 solitum,
888 2935 908 3000 ό
930 2933 1063 3005 honines

67 3055 127 3132 ,ad
146 3051 338 3148 seruitutem
366 3053 518 3148 parator!
554 3049 681 3125 scilicet
714 3050 820 3125 etiam
845 3052 961 3144 illum,
999 3053 1060 3151 qui

82 3175 276 3249 libertatem
294 3173 471 3270 publicam
489 3171 611 3263 nollet,
629 3192 703 3248 tant
727 3171 888 3272 projedtae
913 3172 1061 3248 servien·
1166 3151 1176 3221 Ῐ

82 3293 174 3369 tium
200 3292 372 3393 patientiae
397 3294 557 3368 raedebat.

97 3452 99 3456 ·
130 3412 710 3506 val.1>nuttnr1ndehinc‚
740 3417 785 3489 ab
819 3414 991 3488 indecoris
1014 3414 1059 3520 ad

81 3528 200 3605 infesta
216 3533 564 3635 transgrediebantur.
613 3535 656 3609 C.
680 3535 849 3626 Silanum,
873 3532 1059 3633 proconsu-

80 3652 151 3723 lem
165 3655 269 3743 Afiae,
281 3644 557 3754 repetundarum
576 3655 712 3730 a'sociis
729 3656 951 3754 postulatum,
975 3655 1058 3729 Ma·

80 3791 218 3849 merens
234 3774 382 3850 Scaurus
409 3801 428 3851 e
452 3772 703 3868 consularibus,
717 3774 840 3879 Junius
852 3774 951 3848 Otho
968 3795 1058 3875 ptae·
