<?xml version="1.0" encoding="UTF-8"?>
<!DOCTYPE html PUBLIC "-//W3C//DTD XHTML 1.0 Transitional//EN"
    "http://www.w3.org/TR/xhtml1/DTD/xhtml1-transitional.dtd">
<html xmlns="http://www.w3.org/1999/xhtml" xml:lang="en" lang="en">
 <head>
  <title>
</title>
<meta http-equiv="Content-Type" content="text/html;charset=utf-8" />
  <meta name='ocr-system' content='tesseract 3.04.00' />
  <meta name='ocr-capabilities' content='ocr_page ocr_carea ocr_par ocr_line ocrx_word'/>
</head>
<body>
  <div class='ocr_page' id='page_1' title='image "./ccorneliitaciti00freigoog_0065.png"; bbox 0 0 2776 4724; ppageno 0'>
   <div class='ocr_carea' id='block_1_1' title="bbox 266 330 1155 427">
    <p class='ocr_par' dir='ltr' id='par_1_1' title="bbox 266 330 1155 427">
     <span class='ocr_line' id='line_1_1' title="bbox 266 330 1155 427; baseline 0.001 -17"><span class='ocrx_word' id='word_1_1' title='bbox 266 360 310 427; x_wconf 88' lang='lat'>14</span> <span class='ocrx_word' id='word_1_2' title='bbox 464 330 1155 411; x_wconf 69' lang='lat' dir='ltr'>oconnsruricm·</span> 
     </span>
    </p>
   </div>
   <div class='ocr_carea' id='block_1_2' title="bbox 183 495 1245 2178">
    <p class='ocr_par' dir='ltr' id='par_1_2' title="bbox 183 495 1245 2178">
     <span class='ocr_line' id='line_1_2' title="bbox 264 495 1242 609; baseline 0.003 -27"><span class='ocrx_word' id='word_1_3' title='bbox 264 535 335 608; x_wconf 92' lang='lat' dir='ltr'>que</span> <span class='ocrx_word' id='word_1_4' title='bbox 351 510 454 584; x_wconf 90' lang='lat' dir='ltr'>etiam</span> <span class='ocrx_word' id='word_1_5' title='bbox 471 510 507 584; x_wconf 93' lang='lat' dir='ltr'>in</span> <span class='ocrx_word' id='word_1_6' title='bbox 525 495 639 603; x_wconf 81' lang='lat' dir='ltr'>rebus,</span> <span class='ocrx_word' id='word_1_7' title='bbox 666 537 753 609; x_wconf 90' lang='lat' dir='ltr'>quas</span> <span class='ocrx_word' id='word_1_8' title='bbox 782 536 853 584; x_wconf 93' lang='lat' dir='ltr'>non</span> <span class='ocrx_word' id='word_1_9' title='bbox 882 512 1066 601; x_wconf 87' lang='lat' dir='ltr'>occuleret,</span> <span class='ocrx_word' id='word_1_10' title='bbox 1096 508 1154 582; x_wconf 89' lang='lat' dir='ltr'>seu</span> <span class='ocrx_word' id='word_1_11' title='bbox 1180 537 1242 585; x_wconf 90' lang='lat' dir='ltr'>na·</span> 
     </span>
     <span class='ocr_line' id='line_1_3' title="bbox 183 628 1243 729; baseline 0.001 -24"><span class='ocrx_word' id='word_1_12' title='bbox 183 701 190 714; x_wconf 26' lang='lat' dir='ltr'>r</span> <span class='ocrx_word' id='word_1_13' title='bbox 261 636 350 723; x_wconf 67' lang='lat' dir='ltr'>turs,</span> <span class='ocrx_word' id='word_1_14' title='bbox 366 631 686 722; x_wconf 87' lang='lat' dir='ltr'>fiveadsuetudine,</span> <span class='ocrx_word' id='word_1_15' title='bbox 704 629 859 728; x_wconf 90' lang='lat' dir='ltr'>suspensa</span> <span class='ocrx_word' id='word_1_16' title='bbox 875 628 1006 729; x_wconf 85' lang='lat' dir='ltr'>semper</span> <span class='ocrx_word' id='word_1_17' title='bbox 1034 635 1068 704; x_wconf 75' lang='grc' dir='ltr'>δι</span> <span class='ocrx_word' id='word_1_18' title='bbox 1097 630 1243 706; x_wconf 90' lang='lat' dir='ltr'>obscura</span> 
     </span>
     <span class='ocr_line' id='line_1_4' title="bbox 255 734 1242 849; baseline 0 -23"><span class='ocrx_word' id='word_1_19' title='bbox 255 755 392 827; x_wconf 74' lang='lat' dir='ltr'>uerba:</span> <span class='ocrx_word' id='word_1_20' title='bbox 418 772 503 825; x_wconf 89' lang='lat' dir='ltr'>tunc</span> <span class='ocrx_word' id='word_1_21' title='bbox 520 734 617 842; x_wconf 77' lang='lat' dir='ltr'>vero,</span> <span class='ocrx_word' id='word_1_22' title='bbox 634 751 755 825; x_wconf 86' lang='lat' dir='ltr'>nitenti</span> <span class='ocrx_word' id='word_1_23' title='bbox 788 772 828 825; x_wconf 92' lang='lat' dir='ltr'>ut</span> <span class='ocrx_word' id='word_1_24' title='bbox 855 750 966 825; x_wconf 86' lang='lat' dir='ltr'>sensus</span> <span class='ocrx_word' id='word_1_25' title='bbox 995 750 1070 824; x_wconf 90' lang='lat' dir='ltr'>suos</span> <span class='ocrx_word' id='word_1_26' title='bbox 1104 751 1242 849; x_wconf 93' lang='lat' dir='ltr'>penitus</span> 
     </span>
     <span class='ocr_line' id='line_1_5' title="bbox 257 871 1240 971; baseline -0.004 -23"><span class='ocrx_word' id='word_1_27' title='bbox 257 875 415 963; x_wconf 87' lang='lat' dir='ltr'>abderet,</span> <span class='ocrx_word' id='word_1_28' title='bbox 434 872 470 944; x_wconf 90' lang='lat' dir='ltr'>in</span> <span class='ocrx_word' id='word_1_29' title='bbox 488 873 656 949; x_wconf 89' lang='lat' dir='ltr'>incertum</span> <span class='ocrx_word' id='word_1_30' title='bbox 675 877 708 945; x_wconf 76' lang='grc' dir='ltr'>δι</span> <span class='ocrx_word' id='word_1_31' title='bbox 727 872 932 971; x_wconf 85' lang='lat' dir='ltr'>ambiguum</span> <span class='ocrx_word' id='word_1_32' title='bbox 955 871 1065 970; x_wconf 85' lang='lat' dir='ltr'>magis</span> <span class='ocrx_word' id='word_1_33' title='bbox 1081 872 1240 971; x_wconf 89' lang='lat' dir='ltr'>implica-</span> 
     </span>
     <span class='ocr_line' id='line_1_6' title="bbox 262 992 1241 1091; baseline -0.002 -23"><span class='ocrx_word' id='word_1_34' title='bbox 262 997 398 1068; x_wconf 86' lang='lat' dir='ltr'>bantur.</span> <span class='ocrx_word' id='word_1_35' title='bbox 449 999 499 1067; x_wconf 87' lang='lat' dir='ltr'>At</span> <span class='ocrx_word' id='word_1_36' title='bbox 517 1014 641 1091; x_wconf 74' lang='lat' dir='ltr'>patreS,</span> <span class='ocrx_word' id='word_1_37' title='bbox 665 992 792 1091; x_wconf 90' lang='lat' dir='ltr'>quibus</span> <span class='ocrx_word' id='word_1_38' title='bbox 808 1020 897 1066; x_wconf 91' lang='lat' dir='ltr'>unus</span> <span class='ocrx_word' id='word_1_39' title='bbox 913 1014 1040 1085; x_wconf 87' lang='lat' dir='ltr'>metus,</span> <span class='ocrx_word' id='word_1_40' title='bbox 1067 996 1089 1065; x_wconf 83' lang='lat' dir='ltr'>ss</span> <span class='ocrx_word' id='word_1_41' title='bbox 1113 992 1241 1066; x_wconf 91' lang='lat' dir='ltr'>intelli-</span> 
     </span>
     <span class='ocr_line' id='line_1_7' title="bbox 262 1113 1239 1214; baseline -0.002 -26"><span class='ocrx_word' id='word_1_42' title='bbox 262 1141 342 1214; x_wconf 86' lang='lat' dir='ltr'>gere</span> <span class='ocrx_word' id='word_1_43' title='bbox 359 1113 569 1204; x_wconf 81' lang='lat' dir='ltr'>uiderentur,</span> <span class='ocrx_word' id='word_1_44' title='bbox 591 1114 627 1186; x_wconf 93' lang='lat' dir='ltr'>in</span> <span class='ocrx_word' id='word_1_45' title='bbox 640 1114 791 1211; x_wconf 88' lang='lat' dir='ltr'>questus,</span> <span class='ocrx_word' id='word_1_46' title='bbox 806 1113 973 1203; x_wconf 86' lang='lat' dir='ltr'>lacrimas,</span> <span class='ocrx_word' id='word_1_47' title='bbox 988 1134 1071 1187; x_wconf 90' lang='lat' dir='ltr'>vota</span> <span class='ocrx_word' id='word_1_48' title='bbox 1087 1113 1239 1187; x_wconf 88' lang='lat' dir='ltr'>effundi:</span> 
     </span>
     <span class='ocr_line' id='line_1_8' title="bbox 262 1234 1241 1333; baseline -0.004 -22"><span class='ocrx_word' id='word_1_49' title='bbox 262 1239 307 1311; x_wconf 90' lang='lat' dir='ltr'>ad</span> <span class='ocrx_word' id='word_1_50' title='bbox 324 1238 421 1326; x_wconf 90' lang='lat' dir='ltr'>deos,</span> <span class='ocrx_word' id='word_1_51' title='bbox 451 1236 496 1308; x_wconf 88' lang='lat' dir='ltr'>ad</span> <span class='ocrx_word' id='word_1_52' title='bbox 514 1234 665 1333; x_wconf 86' lang='lat' dir='ltr'>effigiem</span> <span class='ocrx_word' id='word_1_53' title='bbox 678 1234 840 1333; x_wconf 86' lang='lat' dir='ltr'>Augusti,</span> <span class='ocrx_word' id='word_1_54' title='bbox 855 1235 899 1306; x_wconf 93' lang='lat' dir='ltr'>ad</span> <span class='ocrx_word' id='word_1_55' title='bbox 918 1261 1032 1332; x_wconf 86' lang='lat' dir='ltr'>genua</span> <span class='ocrx_word' id='word_1_56' title='bbox 1049 1235 1149 1333; x_wconf 74' lang='lat' dir='ltr'>ipsius</span> <span class='ocrx_word' id='word_1_57' title='bbox 1166 1259 1241 1308; x_wconf 91' lang='lat' dir='ltr'>ma·</span> 
     </span>
     <span class='ocr_line' id='line_1_9' title="bbox 263 1352 1244 1452; baseline -0.001 -22"><span class='ocrx_word' id='word_1_58' title='bbox 263 1385 329 1430; x_wconf 91' lang='lat' dir='ltr'>nus</span> <span class='ocrx_word' id='word_1_59' title='bbox 355 1357 517 1441; x_wconf 91' lang='lat' dir='ltr'>tendere;</span> <span class='ocrx_word' id='word_1_60' title='bbox 554 1356 637 1429; x_wconf 82' lang='lat' dir='ltr'>cirm</span> <span class='ocrx_word' id='word_1_61' title='bbox 679 1352 818 1452; x_wconf 86' lang='lat' dir='ltr'>proferri</span> <span class='ocrx_word' id='word_1_62' title='bbox 847 1353 1006 1427; x_wconf 90' lang='lat' dir='ltr'>libellum</span> <span class='ocrx_word' id='word_1_63' title='bbox 1039 1354 1244 1452; x_wconf 76' lang='lat' dir='ltr'>recitarique</span> 
     </span>
     <span class='ocr_line' id='line_1_10' title="bbox 256 1473 1245 1577; baseline -0.002 -26"><span class='ocrx_word' id='word_1_64' title='bbox 256 1477 362 1577; x_wconf 82' lang='lat' dir='ltr'>jullrt.</span> <span class='ocrx_word' id='word_1_65' title='bbox 412 1480 507 1574; x_wconf 90' lang='lat' dir='ltr'>Opes</span> <span class='ocrx_word' id='word_1_66' title='bbox 554 1474 704 1572; x_wconf 88' lang='lat' dir='ltr'>publicae</span> <span class='ocrx_word' id='word_1_67' title='bbox 738 1473 1026 1549; x_wconf 87' lang='lat' dir='ltr'>continebantur:</span> <span class='ocrx_word' id='word_1_68' title='bbox 1068 1496 1245 1574; x_wconf 67' lang='lat' dir='ltr'>¹quantum</span> 
     </span>
     <span class='ocr_line' id='line_1_11' title="bbox 265 1594 1245 1695; baseline -0.001 -23"><span class='ocrx_word' id='word_1_69' title='bbox 265 1597 411 1688; x_wconf 87' lang='lat' dir='ltr'>civium,</span> <span class='ocrx_word' id='word_1_70' title='bbox 445 1596 687 1693; x_wconf 85' lang='lat' dir='ltr'>sociorumque</span> <span class='ocrx_word' id='word_1_71' title='bbox 730 1594 768 1668; x_wconf 87' lang='lat' dir='ltr'>in</span> <span class='ocrx_word' id='word_1_72' title='bbox 812 1595 937 1683; x_wconf 86' lang='lat' dir='ltr'>armis;</span> <span class='ocrx_word' id='word_1_73' title='bbox 986 1617 1074 1695; x_wconf 89' lang='lat' dir='ltr'>quot</span> <span class='ocrx_word' id='word_1_74' title='bbox 1114 1599 1245 1688; x_wconf 83' lang='lat' dir='ltr'>claffes,</span> 
     </span>
     <span class='ocr_line' id='line_1_12' title="bbox 263 1716 1245 1818; baseline 0 -25"><span class='ocrx_word' id='word_1_75' title='bbox 263 1744 391 1818; x_wconf 76' lang='lat' dir='ltr'>regna,</span> <span class='ocrx_word' id='word_1_76' title='bbox 413 1716 614 1815; x_wconf 73' lang='lat' dir='ltr'>provincia,</span> <span class='ocrx_word' id='word_1_77' title='bbox 642 1716 783 1807; x_wconf 91' lang='lat' dir='ltr'>tributa,</span> <span class='ocrx_word' id='word_1_78' title='bbox 819 1720 853 1788; x_wconf 73' lang='grc' dir='ltr'>δι</span> <span class='ocrx_word' id='word_1_79' title='bbox 879 1717 1076 1816; x_wconf 69' lang='lat' dir='ltr'>vedigalia,</span> <span class='ocrx_word' id='word_1_80' title='bbox 1117 1723 1152 1792; x_wconf 69' lang='grc' dir='ltr'>ὅτ</span> <span class='ocrx_word' id='word_1_81' title='bbox 1184 1745 1245 1793; x_wconf 91' lang='lat' dir='ltr'>ne-</span> 
     </span>
     <span class='ocr_line' id='line_1_13' title="bbox 268 1819 1245 1936; baseline 0 -23"><span class='ocrx_word' id='word_1_82' title='bbox 268 1842 431 1913; x_wconf 82' lang='lat' dir='ltr'>cessitates</span> <span class='ocrx_word' id='word_1_83' title='bbox 464 1819 505 1911; x_wconf 83' lang='lat' dir='ltr'>ac</span> <span class='ocrx_word' id='word_1_84' title='bbox 534 1837 756 1936; x_wconf 82' lang='lat' dir='ltr'>largitiones:</span> <span class='ocrx_word' id='word_1_85' title='bbox 798 1865 877 1935; x_wconf 81' lang='lat' dir='ltr'>quae</span> <span class='ocrx_word' id='word_1_86' title='bbox 906 1840 1032 1912; x_wconf 69' lang='lat' dir='ltr'>cunsta</span> <span class='ocrx_word' id='word_1_87' title='bbox 1057 1837 1115 1914; x_wconf 68' lang='lat' dir='ltr'>sua</span> <span class='ocrx_word' id='word_1_88' title='bbox 1138 1866 1245 1914; x_wconf 86' lang='lat' dir='ltr'>manu</span> 
     </span>
     <span class='ocr_line' id='line_1_14' title="bbox 267 1957 1243 2057; baseline 0.002 -25"><span class='ocrx_word' id='word_1_89' title='bbox 267 1957 498 2057; x_wconf 81' lang='lat' dir='ltr'>perscripserat</span> <span class='ocrx_word' id='word_1_90' title='bbox 529 1958 730 2056; x_wconf 82' lang='lat' dir='ltr'>Augustus:</span> <span class='ocrx_word' id='word_1_91' title='bbox 765 1959 1016 2055; x_wconf 86' lang='lat' dir='ltr'>addideratque</span> <span class='ocrx_word' id='word_1_92' title='bbox 1047 1961 1243 2052; x_wconf 86' lang='lat' dir='ltr'>confilium,</span> 
     </span>
     <span class='ocr_line' id='line_1_15' title="bbox 267 2072 1244 2178; baseline 0.001 -26"><span class='ocrx_word' id='word_1_93' title='bbox 267 2072 450 2152; x_wconf 83' lang='lat' dir='ltr'>co&#39;e&#39;rcendi</span> <span class='ocrx_word' id='word_1_94' title='bbox 468 2079 554 2152; x_wconf 89' lang='lat' dir='ltr'>intra</span> <span class='ocrx_word' id='word_1_95' title='bbox 575 2079 740 2153; x_wconf 89' lang='lat' dir='ltr'>terminos</span> <span class='ocrx_word' id='word_1_96' title='bbox 756 2077 913 2178; x_wconf 84' lang='lat' dir='ltr'>imperii3</span> <span class='ocrx_word' id='word_1_97' title='bbox 939 2079 1109 2154; x_wconf 88' lang='lat' dir='ltr'>incertum</span> <span class='ocrx_word' id='word_1_98' title='bbox 1130 2093 1244 2174; x_wconf 81' lang='lat' dir='ltr'>metu,</span> 
     </span>
    </p>
   </div>
   <div class='ocr_carea' id='block_1_3' title="bbox 147 2199 587 2298">
    <p class='ocr_par' dir='ltr' id='par_1_3' title="bbox 147 2199 587 2298">
     <span class='ocr_line' id='line_1_16' title="bbox 147 2199 587 2298; baseline -0.007 -23"><span class='ocrx_word' id='word_1_99' title='bbox 147 2272 154 2282; x_wconf 76' lang='grc'><strong>,</strong></span> <span class='ocrx_word' id='word_1_100' title='bbox 266 2226 312 2274; x_wconf 89' lang='lat' dir='ltr'>an</span> <span class='ocrx_word' id='word_1_101' title='bbox 329 2226 390 2298; x_wconf 90' lang='lat' dir='ltr'>per</span> <span class='ocrx_word' id='word_1_102' title='bbox 406 2199 587 2273; x_wconf 90' lang='lat' dir='ltr'>invidiam.</span> 
     </span>
    </p>
   </div>
   <div class='ocr_carea' id='block_1_4' title="bbox 179 2322 1249 3875">
    <p class='ocr_par' dir='ltr' id='par_1_4' title="bbox 316 2322 1246 2421">
     <span class='ocr_line' id='line_1_17' title="bbox 316 2322 1246 2421; baseline 0.006 -27"><span class='ocrx_word' id='word_1_103' title='bbox 316 2323 398 2395; x_wconf 86' lang='lat' dir='ltr'><strong>XII.</strong></span> <span class='ocrx_word' id='word_1_104' title='bbox 423 2323 546 2395; x_wconf 78' lang='lat' dir='ltr'>Iussa</span> <span class='ocrx_word' id='word_1_105' title='bbox 565 2349 643 2421; x_wconf 87' lang='lat' dir='ltr'>quae</span> <span class='ocrx_word' id='word_1_106' title='bbox 660 2322 777 2399; x_wconf 82' lang='lat' dir='ltr'>senatu</span> <span class='ocrx_word' id='word_1_107' title='bbox 794 2326 838 2398; x_wconf 89' lang='lat' dir='ltr'>ad</span> <span class='ocrx_word' id='word_1_108' title='bbox 855 2324 989 2399; x_wconf 86' lang='lat' dir='ltr'>infimas</span> <span class='ocrx_word' id='word_1_109' title='bbox 1003 2322 1246 2400; x_wconf 81' lang='lat' dir='ltr'>obtestationes</span> 
     </span>
    </p>

    <p class='ocr_par' dir='ltr' id='par_1_5' title="bbox 179 2442 1249 3875">
     <span class='ocr_line' id='line_1_18' title="bbox 235 2442 1246 2540; baseline 0.008 -26"><span class='ocrx_word' id='word_1_110' title='bbox 235 2457 237 2461; x_wconf 86' lang='grc'><strong>’</strong></span> <span class='ocrx_word' id='word_1_111' title='bbox 270 2445 541 2540; x_wconf 87' lang='lat' dir='ltr'>procumbente,</span> <span class='ocrx_word' id='word_1_112' title='bbox 565 2443 655 2519; x_wconf 86' lang='lat' dir='ltr'>dixit</span> <span class='ocrx_word' id='word_1_113' title='bbox 683 2442 770 2524; x_wconf 67' lang='lat' dir='ltr'>sorte</span> <span class='ocrx_word' id='word_1_114' title='bbox 787 2445 963 2537; x_wconf 90' lang='lat' dir='ltr'>Tiberius,</span> <span class='ocrx_word' id='word_1_115' title='bbox 998 2442 1090 2538; x_wconf 90' lang='lat' dir='ltr'>“se‚</span> <span class='ocrx_word' id='word_1_116' title='bbox 1112 2466 1246 2522; x_wconf 89' lang='lat' dir='ltr'>utnon</span> 
     </span>
     <span class='ocr_line' id='line_1_19' title="bbox 190 2553 1248 2668; baseline 0.008 -33"><span class='ocrx_word' id='word_1_117' title='bbox 190 2553 196 2559; x_wconf 47' lang='lat'>⁵</span> <span class='ocrx_word' id='word_1_118' title='bbox 270 2570 298 2606; x_wconf 90' lang='lat'><strong>“</strong></span> <span class='ocrx_word' id='word_1_119' title='bbox 324 2561 388 2636; x_wconf 93' lang='lat' dir='ltr'>toti</span> <span class='ocrx_word' id='word_1_120' title='bbox 413 2562 614 2661; x_wconf 82' lang='lat' dir='ltr'>reipublicae</span> <span class='ocrx_word' id='word_1_121' title='bbox 643 2592 775 2663; x_wconf 87' lang='lat' dir='ltr'>parem,</span> <span class='ocrx_word' id='word_1_122' title='bbox 816 2554 864 2640; x_wconf 81' lang='lat' dir='ltr'>ira</span> <span class='ocrx_word' id='word_1_123' title='bbox 896 2593 1132 2666; x_wconf 80' lang='lat' dir='ltr'>quacumque</span> <span class='ocrx_word' id='word_1_124' title='bbox 1171 2595 1248 2668; x_wconf 89' lang='lat' dir='ltr'>pars</span> 
     </span>
     <span class='ocr_line' id='line_1_20' title="bbox 269 2683 1248 2787; baseline 0.007 -31"><span class='ocrx_word' id='word_1_125' title='bbox 269 2691 298 2728; x_wconf 90' lang='lat'><strong>“</strong></span> <span class='ocrx_word' id='word_1_126' title='bbox 326 2683 386 2757; x_wconf 86' lang='lat' dir='ltr'>fibi</span> <span class='ocrx_word' id='word_1_127' title='bbox 420 2687 652 2778; x_wconf 88' lang='lat' dir='ltr'>mandaretur,</span> <span class='ocrx_word' id='word_1_128' title='bbox 688 2686 758 2786; x_wconf 88' lang='lat' dir='ltr'>ejus</span> <span class='ocrx_word' id='word_1_129' title='bbox 795 2690 957 2772; x_wconf 62' lang='lat' dir='ltr'>tutelam„</span> <span class='ocrx_word' id='word_1_130' title='bbox 974 2689 1248 2787; x_wconf 88' lang='lat' dir='ltr'>suscepturum.&#39;’</span> 
     </span>
     <span class='ocr_line' id='line_1_21' title="bbox 203 2806 1248 2907; baseline 0.006 -28"><span class='ocrx_word' id='word_1_131' title='bbox 203 2840 207 2849; x_wconf 95' lang='lat'>·</span> <span class='ocrx_word' id='word_1_132' title='bbox 267 2807 367 2879; x_wconf 87' lang='lat' dir='ltr'>Turn</span> <span class='ocrx_word' id='word_1_133' title='bbox 384 2806 521 2891; x_wconf 78' lang='lat' dir='ltr'>Asinius</span> <span class='ocrx_word' id='word_1_134' title='bbox 538 2809 674 2899; x_wconf 84' lang='lat' dir='ltr'>Gallus,</span> <span class='ocrx_word' id='word_1_135' title='bbox 702 2810 956 2907; x_wconf 84' lang='lat' dir='ltr'>“Interrog0,’&#39;</span> <span class='ocrx_word' id='word_1_136' title='bbox 979 2808 1108 2905; x_wconf 92' lang='lat' dir='ltr'>inquit,</span> <span class='ocrx_word' id='word_1_137' title='bbox 1128 2817 1155 2853; x_wconf 92' lang='lat'><strong>“</strong></span> <span class='ocrx_word' id='word_1_138' title='bbox 1168 2811 1248 2885; x_wconf 86' lang='lat' dir='ltr'>Cae·</span> 
     </span>
     <span class='ocr_line' id='line_1_22' title="bbox 245 2910 1249 3028; baseline 0.004 -29"><span class='ocrx_word' id='word_1_139' title='bbox 245 2910 298 2970; x_wconf 53' lang='lat'>&#39;“</span> <span class='ocrx_word' id='word_1_140' title='bbox 323 2927 386 3018; x_wconf 90' lang='lat' dir='ltr'>sar,</span> <span class='ocrx_word' id='word_1_141' title='bbox 429 2954 536 3026; x_wconf 89' lang='lat' dir='ltr'>quarn</span> <span class='ocrx_word' id='word_1_142' title='bbox 576 2950 708 3028; x_wconf 89' lang='lat' dir='ltr'>partem</span> <span class='ocrx_word' id='word_1_143' title='bbox 751 2929 961 3028; x_wconf 87' lang='lat' dir='ltr'>reipublicae</span> <span class='ocrx_word' id='word_1_144' title='bbox 1000 2931 1157 3004; x_wconf 86' lang='lat' dir='ltr'>mandari</span> <span class='ocrx_word' id='word_1_145' title='bbox 1183 2930 1249 3005; x_wconf 90' lang='lat' dir='ltr'>tibi</span> 
     </span>
     <span class='ocr_line' id='line_1_23' title="bbox 270 3048 1247 3152; baseline 0.007 -32"><span class='ocrx_word' id='word_1_146' title='bbox 270 3053 298 3089; x_wconf 91' lang='lat'><strong>“</strong></span> <span class='ocrx_word' id='word_1_147' title='bbox 325 3048 411 3148; x_wconf 75' lang='lat' dir='ltr'>uelis</span> <span class='ocrx_word' id='word_1_148' title='bbox 426 3050 466 3121; x_wconf 88' lang='lat'>?&#39;&#39;</span> <span class='ocrx_word' id='word_1_149' title='bbox 515 3050 693 3124; x_wconf 91' lang='lat' dir='ltr'>Perculsus</span> <span class='ocrx_word' id='word_1_150' title='bbox 728 3048 913 3149; x_wconf 75' lang='lat' dir='ltr'>improvisa</span> <span class='ocrx_word' id='word_1_151' title='bbox 966 3051 1247 3152; x_wconf 86' lang='lat' dir='ltr'>interrogatione,</span> 
     </span>
     <span class='ocr_line' id='line_1_24' title="bbox 269 3168 1246 3271; baseline 0.004 -29"><span class='ocrx_word' id='word_1_152' title='bbox 269 3172 428 3265; x_wconf 87' lang='lat' dir='ltr'>paullum</span> <span class='ocrx_word' id='word_1_153' title='bbox 449 3168 598 3260; x_wconf 89' lang='lat' dir='ltr'>reticuit,</span> <span class='ocrx_word' id='word_1_154' title='bbox 621 3169 704 3259; x_wconf 80' lang='lat' dir='ltr'>dein</span> <span class='ocrx_word' id='word_1_155' title='bbox 722 3175 870 3246; x_wconf 65' lang='lat' dir='ltr'>colledo</span> <span class='ocrx_word' id='word_1_156' title='bbox 903 3172 1021 3246; x_wconf 90' lang='lat' dir='ltr'>animo</span> <span class='ocrx_word' id='word_1_157' title='bbox 1048 3173 1246 3271; x_wconf 90' lang='lat' dir='ltr'>respondit:</span> 
     </span>
     <span class='ocr_line' id='line_1_25' title="bbox 179 3276 1249 3390; baseline 0.004 -26"><span class='ocrx_word' id='word_1_158' title='bbox 179 3373 182 3379; x_wconf 51' lang='grc'><em>,</em></span> <span class='ocrx_word' id='word_1_159' title='bbox 269 3292 561 3388; x_wconf 89' lang='lat' dir='ltr'>“Nequaquam</span> <span class='ocrx_word' id='word_1_160' title='bbox 589 3291 754 3363; x_wconf 89' lang='lat' dir='ltr'>decorum</span> <span class='ocrx_word' id='word_1_161' title='bbox 783 3294 909 3390; x_wconf 88' lang='lat' dir='ltr'>pudori</span> <span class='ocrx_word' id='word_1_162' title='bbox 940 3293 1013 3382; x_wconf 91' lang='lat' dir='ltr'>su0,</span> <span class='ocrx_word' id='word_1_163' title='bbox 1048 3276 1162 3390; x_wconf 70' lang='lat' dir='ltr'>legere</span> <span class='ocrx_word' id='word_1_164' title='bbox 1187 3294 1249 3368; x_wconf 90' lang='lat' dir='ltr'>ali·</span> 
     </span>
     <span class='ocr_line' id='line_1_26' title="bbox 269 3410 1248 3506; baseline 0.003 -24"><span class='ocrx_word' id='word_1_165' title='bbox 269 3416 297 3450; x_wconf 88' lang='lat'>“</span> <span class='ocrx_word' id='word_1_166' title='bbox 325 3411 412 3506; x_wconf 91' lang='lat' dir='ltr'>quid</span> <span class='ocrx_word' id='word_1_167' title='bbox 429 3433 489 3484; x_wconf 90' lang='lat' dir='ltr'>aut</span> <span class='ocrx_word' id='word_1_168' title='bbox 505 3411 632 3485; x_wconf 82' lang='lat' dir='ltr'>evitare</span> <span class='ocrx_word' id='word_1_169' title='bbox 648 3437 692 3484; x_wconf 84' lang='lat' dir='ltr'>ex</span> <span class='ocrx_word' id='word_1_170' title='bbox 715 3437 773 3502; x_wconf 88' lang='lat' dir='ltr'>eo,</span> <span class='ocrx_word' id='word_1_171' title='bbox 801 3411 858 3487; x_wconf 92' lang='lat' dir='ltr'>cui</span> <span class='ocrx_word' id='word_1_172' title='bbox 891 3413 928 3486; x_wconf 95' lang='lat' dir='ltr'>in</span> <span class='ocrx_word' id='word_1_173' title='bbox 959 3410 1156 3485; x_wconf 87' lang='lat' dir='ltr'>universum</span> <span class='ocrx_word' id='word_1_174' title='bbox 1185 3438 1248 3485; x_wconf 87' lang='lat' dir='ltr'>ex-</span> 
     </span>
     <span class='ocr_line' id='line_1_27' title="bbox 271 3530 1249 3629; baseline 0.002 -26"><span class='ocrx_word' id='word_1_175' title='bbox 271 3537 298 3573; x_wconf 90' lang='lat'><strong><em>“</em></strong></span> <span class='ocrx_word' id='word_1_176' title='bbox 325 3530 431 3603; x_wconf 89' lang='lat' dir='ltr'>cusari</span> <span class='ocrx_word' id='word_1_177' title='bbox 449 3535 604 3608; x_wconf 85' lang='lat' dir='ltr'>mallet.&#39;&#39;</span> <span class='ocrx_word' id='word_1_178' title='bbox 654 3530 807 3607; x_wconf 87' lang='lat' dir='ltr'>Rursum</span> <span class='ocrx_word' id='word_1_179' title='bbox 831 3536 952 3608; x_wconf 88' lang='lat' dir='ltr'>Gallus</span> <span class='ocrx_word' id='word_1_180' title='bbox 977 3532 1124 3629; x_wconf 80' lang='lat' dir='ltr'>(etenim</span> <span class='ocrx_word' id='word_1_181' title='bbox 1146 3534 1249 3605; x_wconf 84' lang='lat' dir='ltr'>vultu</span> 
     </span>
     <span class='ocr_line' id='line_1_28' title="bbox 270 3650 1249 3752; baseline 0.001 -28"><span class='ocrx_word' id='word_1_182' title='bbox 270 3650 494 3724; x_wconf 72' lang='lat' dir='ltr'>offensionem</span> <span class='ocrx_word' id='word_1_183' title='bbox 505 3653 773 3752; x_wconf 72' lang='lat' dir='ltr'>conjedlaverat)</span> <span class='ocrx_word' id='word_1_184' title='bbox 794 3663 820 3698; x_wconf 91' lang='lat'><strong>“</strong></span> <span class='ocrx_word' id='word_1_185' title='bbox 832 3682 903 3729; x_wconf 93' lang='lat' dir='ltr'>non</span> <span class='ocrx_word' id='word_1_186' title='bbox 914 3654 1045 3728; x_wconf 87' lang='lat' dir='ltr'>idcirco</span> <span class='ocrx_word' id='word_1_187' title='bbox 1060 3653 1249 3750; x_wconf 85' lang='lat' dir='ltr'>interroga-</span> 
     </span>
     <span class='ocr_line' id='line_1_29' title="bbox 273 3770 1247 3875; baseline 0.004 -26"><span class='ocrx_word' id='word_1_188' title='bbox 273 3778 300 3820; x_wconf 87' lang='lat'><strong>“</strong></span> <span class='ocrx_word' id='word_1_189' title='bbox 326 3772 428 3851; x_wconf 88' lang='lat' dir='ltr'>tum’&#39;</span> <span class='ocrx_word' id='word_1_190' title='bbox 445 3770 506 3862; x_wconf 85' lang='lat' dir='ltr'>ait,</span> <span class='ocrx_word' id='word_1_191' title='bbox 522 3781 549 3817; x_wconf 91' lang='lat'><strong>“</strong></span> <span class='ocrx_word' id='word_1_192' title='bbox 563 3795 601 3849; x_wconf 91' lang='lat' dir='ltr'>ut</span> <span class='ocrx_word' id='word_1_193' title='bbox 613 3774 782 3851; x_wconf 84' lang='lat' dir='ltr'>divideret</span> <span class='ocrx_word' id='word_1_194' title='bbox 800 3802 878 3875; x_wconf 85' lang='lat' dir='ltr'>quae</span> <span class='ocrx_word' id='word_1_195' title='bbox 890 3772 1032 3872; x_wconf 81' lang='lat' dir='ltr'>separari</span> <span class='ocrx_word' id='word_1_196' title='bbox 1049 3771 1247 3871; x_wconf 74' lang='lat' dir='ltr'>nequirent:</span> 
     </span>
    </p>
   </div>
   <div class='ocr_carea' id='block_1_5' title="bbox 0 0 1397 4724">
    <p class='ocr_par' dir='ltr' id='par_1_6' title="bbox 0 0 1397 4724">
     <span class='ocr_line' id='line_1_30' title="bbox 0 0 1397 4724; baseline 0 0"><span class='ocrx_word' id='word_1_197' title='bbox 0 0 1397 4724; x_wconf 95' lang='lat' dir='ltr'> </span> 
     </span>
    </p>
   </div>
  </div>
 </body>
</html>
