2834 4732
384 340 837 429 AnsirwnLrn.
869 355 900 442 I.
1123 363 1164 434 61

164 531 303 629 plebem
319 526 555 619 seditionibus,
572 530 726 629 denique
743 531 834 606 male
853 529 945 629 gesta
969 534 1147 629 republicis

68 639 70 643 ¹
163 649 373 750 majestatem
403 650 527 748 populi
556 652 711 725 Romani
740 651 938 730 minuisset:
978 649 1067 728 sassa
1092 683 1145 729 ar·
1191 724 1198 737 ,
1229 731 1232 740 ,

133 801 136 807 ·
162 774 374 872 guebantur,
408 772 502 845 dista
521 771 667 870 impune
694 793 801 869 erant.
851 771 989 847 Primus
1006 776 1145 875 Augus-

161 914 216 968 tus
245 893 490 994 cognitionem
523 896 568 967 de
595 893 732 969 famosis
761 894 899 984 libellis,
921 893 1035 992 specie
1059 899 1146 996 legis

81 1094 83 1097 ,
161 1015 231 1116 ejus
258 1017 435 1108 tractavit,
467 1037 668 1091 commotus
697 1015 800 1090 Caffii
833 1016 949 1089 Severi
986 1017 1144 1111 libidine,

163 1141 231 1236 qud
257 1138 349 1212 viros
365 1135 579 1236 feminasque
607 1137 765 1210 inlustres
794 1123 1155 1238 procacibusscriptis

161 1260 427 1334 diffamaverat:
454 1234 551 1333 'mox
580 1258 756 1347 Tiberius,
797 1257 1011 1331 consultante
1037 1262 1146 1334 Pom-

164 1379 246 1477 peio
258 1383 385 1452 Macro
402 1400 561 1475 praetore,
588 1387 674 1453 “an
695 1377 828 1477 judicia
862 1375 1042 1475 majestatis
1067 1368 1157 1455 red-v

166 1508 196 1544 “
212 1500 436 1574 derentur?''
477 1501 729 1574 “exercendas
761 1501 856 1597 leges
888 1502 979 1573 esle'’
1007 1499 1146 1599 respon·
1255 1498 1258 1505 ’

162 1620 228 1696 dit.
280 1623 390 1700 Hunc
416 1623 556 1720 quoque
581 1620 780 1719 asperavere
806 1620 971 1710 carmina,
1009 1621 1146 1697 incertis

162 1741 518 1850 auctoribus'vulgata
535 1743 570 1815 in
587 1726 752 1817 saeuitiam
770 1740 1037 1839 superbiamque
1058 1741 1144 1840 ejus,

162 1867 198 1938 sc
214 1862 410 1937 discordem
427 1891 508 1938 cum
526 1884 637 1938 matre
659 1863 828 1937 animum.

212 1986 386 2058 LXXIII.
412 1987 541 2058 Hnun
573 1999 736 2059 mossur
767 1982 903 2073 referre,
933 1983 969 2058 in
998 1986 1144 2061 Falanio

162 2105 372 2196 &Rubria
397 2106 547 2180 modicis
578 2106 751 2205 equitibus
778 2106 964 2197 Romanis,
1001 2126 1145 2204 praten-

111 2281 113 2289 ι
160 2245 229 2305 tata
270 2226 440 2314 crimina;
484 2248 522 2302 ut
556 2229 684 2326 quibus
707 2226 823 2318 initiis,
839 2258 844 2265 ’
858 2231 989 2327 quanta
1013 2228 1146 2303 Tiberii

151 2368 244 2444 arte,
273 2349 511 2449 gravissumum
541 2349 687 2423 exitium
704 2348 892 2447 inrepserit,
912 2348 995 2422 dein
1018 2349 1146 2446 repres-

85 2503 86 2508 ’
159 2471 235 2544 sum
252 2473 305 2560 fit,
334 2470 510 2568 postremi)
536 2469 663 2561 arserit,
695 2473 889 2569 cundaque
922 2469 1142 2567 corripuerit,

160 2589 328 2664 noscatur.
379 2591 523 2667 Falanio
554 2589 738 2691 objiciebat
771 2590 959 2681 accusator,
1002 2599 1030 2635 “
1048 2591 1144 2690 qudd

163 2711 297 2786 “inter
321 2715 469 2787 cultores
497 2697 664 2813 Augusti,
696 2713 756 2812 qui
779 2739 842 2811 pet
869 2738 993 2786 omnes
1018 2713 1144 2786 domos

160 2834 241 2908 “in
269 2836 419 2910 modum
449 2834 681 2934 collegiorum
711 2836 944 2922 habebantur,
993 2834 1144 2907 Cassium
1220 2867 1224 2873 „

162 2958 402 3051 “quemdam
428 2956 580 3030 mimum
615 2982 761 3053 corpore
793 2951 961 3026 infamem
986 2952 1143 3029 adscivis-

170 3071 263 3148 “set
284 3103 293 3147 ι
319 3074 487 3172 quodque
511 3076 659 3151 venditis
684 3075 805 3166 hortis,
823 3075 969 3150 statuam
988 3077 1140 3175 Augusti

161 3198 309 3270 “simul
338 3195 598 3294 mancipasset.''
648 3197 788 3275 Rubrio
820 3195 954 3273 crimini
980 3198 1142 3287 dabatur,

103 3348 105 3356 ⁴
162 3322 190 3358 “
209 3316 378 3390 violatum
397 3315 545 3416 perjurio
564 3346 695 3396 nomen
712 3319 903 3417 Augusti.''
963 3320 1054 3413 Qlae
1082 3318 1144 3395 ubi

158 3435 307 3510 Tiberio
325 3440 482 3529 notudre,
511 3438 639 3538 scripsit
656 3438 854 3514 consulibus
869 3466 880 3522 ;
910 3443 938 3532 .“
956 3439 1043 3510 Non
1064 3439 1144 3513 ideo
1162 3502 1166 3507 .

160 3558 386 3633 “decretum
406 3560 492 3657 patri
509 3559 569 3634 suo
585 3563 726 3649 caelum,
756 3580 796 3634 ut
824 3558 861 3630 in
891 3556 1082 3656 perniciem
1095 3561 1142 3635 ci-

159 3680 304 3754 “''vium
332 3680 360 3755 is
383 3681 714 3755 honor'veneretur.
765 3681 919 3754 Caffium
941 3680 1143 3762 histrionem

159 3805 187 3845 “
205 3799 344 3878 solitum
360 3802 449 3881 inter
465 3802 551 3879 alios
568 3798 719 3900 ejusdem
748 3800 828 3878 artis
857 3798 1012 3878 interesse
1038 3802 1141 3893 ludis,
