<?xml version="1.0" encoding="UTF-8"?>
<!DOCTYPE html PUBLIC "-//W3C//DTD XHTML 1.0 Transitional//EN"
    "http://www.w3.org/TR/xhtml1/DTD/xhtml1-transitional.dtd">
<html xmlns="http://www.w3.org/1999/xhtml" xml:lang="en" lang="en">
 <head>
  <title>
</title>
<meta http-equiv="Content-Type" content="text/html;charset=utf-8" />
  <meta name='ocr-system' content='tesseract 3.04.00' />
  <meta name='ocr-capabilities' content='ocr_page ocr_carea ocr_par ocr_line ocrx_word'/>
</head>
<body>
  <div class='ocr_page' id='page_1' title='image "./ccorneliitaciti00freigoog_0299.png"; bbox 0 0 2760 4718; ppageno 0'>
   <div class='ocr_carea' id='block_1_1' title="bbox 256 327 1047 427">
    <p class='ocr_par' dir='ltr' id='par_1_1' title="bbox 256 327 1047 427">
     <span class='ocr_line' id='line_1_1' title="bbox 256 327 1047 427; baseline 0.003 -26"><span class='ocrx_word' id='word_1_1' title='bbox 256 331 325 420; x_wconf 77' lang='lat'>248</span> <span class='ocrx_word' id='word_1_2' title='bbox 521 327 564 400; x_wconf 84' lang='lat' dir='ltr'>C.</span> <span class='ocrx_word' id='word_1_3' title='bbox 590 327 835 400; x_wconf 74' lang='lat' dir='ltr'>Conunrrr</span> <span class='ocrx_word' id='word_1_4' title='bbox 866 328 1047 427; x_wconf 70' lang='lat' dir='ltr'>Taeter</span> 
     </span>
    </p>
   </div>
   <div class='ocr_carea' id='block_1_2' title="bbox 165 502 1310 3277">
    <p class='ocr_par' dir='ltr' id='par_1_2' title="bbox 252 502 1310 1298">
     <span class='ocr_line' id='line_1_2' title="bbox 254 502 1243 602; baseline 0.002 -25"><span class='ocrx_word' id='word_1_5' title='bbox 254 530 328 578; x_wconf 90' lang='lat' dir='ltr'>non</span> <span class='ocrx_word' id='word_1_6' title='bbox 363 504 538 602; x_wconf 83' lang='lat' dir='ltr'>degener3</span> <span class='ocrx_word' id='word_1_7' title='bbox 569 508 602 576; x_wconf 72' lang='lat' dir='ltr'>a</span> <span class='ocrx_word' id='word_1_8' title='bbox 627 503 866 601; x_wconf 72' lang='lat' dir='ltr'>QHaterius</span> <span class='ocrx_word' id='word_1_9' title='bbox 898 503 1028 577; x_wconf 69' lang='lat' dir='ltr'>samilil</span> <span class='ocrx_word' id='word_1_10' title='bbox 1056 502 1243 594; x_wconf 62' lang='lat' dir='ltr'>senatoris,</span> 
     </span>
     <span class='ocr_line' id='line_1_3' title="bbox 254 618 1242 722; baseline 0.002 -25"><span class='ocrx_word' id='word_1_11' title='bbox 254 624 473 722; x_wconf 82' lang='lat' dir='ltr'>eloquentiae,</span> <span class='ocrx_word' id='word_1_12' title='bbox 509 626 626 722; x_wconf 86' lang='lat' dir='ltr'>quoad</span> <span class='ocrx_word' id='word_1_13' title='bbox 656 624 756 713; x_wconf 85' lang='lat' dir='ltr'>vixit,</span> <span class='ocrx_word' id='word_1_14' title='bbox 791 618 989 702; x_wconf 75' lang='lat' dir='ltr'>celebrataez</span> <span class='ocrx_word' id='word_1_15' title='bbox 1018 624 1242 699; x_wconf 88' lang='lat' dir='ltr'>monimenta</span> 
     </span>
     <span class='ocr_line' id='line_1_4' title="bbox 254 742 1240 842; baseline 0.003 -26"><span class='ocrx_word' id='word_1_16' title='bbox 254 744 384 841; x_wconf 89' lang='lat' dir='ltr'>ingenii</span> <span class='ocrx_word' id='word_1_17' title='bbox 402 742 472 842; x_wconf 85' lang='lat' dir='ltr'>ejus</span> <span class='ocrx_word' id='word_1_18' title='bbox 489 745 583 816; x_wconf 89' lang='lat' dir='ltr'>haud</span> <span class='ocrx_word' id='word_1_19' title='bbox 601 744 743 842; x_wconf 83' lang='lat' dir='ltr'>perinde</span> <span class='ocrx_word' id='word_1_20' title='bbox 761 746 960 817; x_wconf 87' lang='lat' dir='ltr'><strong>retinentur.</strong></span> <span class='ocrx_word' id='word_1_21' title='bbox 1009 744 1146 819; x_wconf 84' lang='lat' dir='ltr'>Scilicet</span> <span class='ocrx_word' id='word_1_22' title='bbox 1164 747 1240 820; x_wconf 89' lang='lat' dir='ltr'>im-</span> 
     </span>
     <span class='ocr_line' id='line_1_5' title="bbox 254 854 1240 963; baseline 0.004 -27"><span class='ocrx_word' id='word_1_23' title='bbox 254 854 488 962; x_wconf 61' lang='lat' dir='ltr'>petu&#39;magis,</span> <span class='ocrx_word' id='word_1_24' title='bbox 516 865 728 962; x_wconf 66' lang='lat' dir='ltr'>quamtum</span> <span class='ocrx_word' id='word_1_25' title='bbox 750 864 914 962; x_wconf 88' lang='lat' dir='ltr'>vigebat:</span> <span class='ocrx_word' id='word_1_26' title='bbox 953 885 1059 963; x_wconf 88' lang='lat' dir='ltr'>utque</span> <span class='ocrx_word' id='word_1_27' title='bbox 1085 866 1240 946; x_wconf 86' lang='lat' dir='ltr'>aliorum</span> 
     </span>
     <span class='ocr_line' id='line_1_6' title="bbox 254 983 1239 1081; baseline 0.003 -24"><span class='ocrx_word' id='word_1_28' title='bbox 254 985 433 1058; x_wconf 82' lang='lat' dir='ltr'>meditatio</span> <span class='ocrx_word' id='word_1_29' title='bbox 460 990 493 1057; x_wconf 78' lang='grc' dir='ltr'>δι</span> <span class='ocrx_word' id='word_1_30' title='bbox 523 986 621 1058; x_wconf 86' lang='lat' dir='ltr'>labor</span> <span class='ocrx_word' id='word_1_31' title='bbox 647 983 682 1056; x_wconf 91' lang='lat' dir='ltr'>in</span> <span class='ocrx_word' id='word_1_32' title='bbox 705 984 878 1081; x_wconf 88' lang='lat' dir='ltr'>posterum</span> <span class='ocrx_word' id='word_1_33' title='bbox 900 985 1060 1072; x_wconf 84' lang='lat' dir='ltr'>valescit3</span> <span class='ocrx_word' id='word_1_34' title='bbox 1087 990 1130 1059; x_wconf 87' lang='lat' dir='ltr'>lic</span> <span class='ocrx_word' id='word_1_35' title='bbox 1153 990 1239 1060; x_wconf 89' lang='lat' dir='ltr'>Ha·</span> 
     </span>
     <span class='ocr_line' id='line_1_7' title="bbox 252 1104 1310 1203; baseline 0.005 -27"><span class='ocrx_word' id='word_1_36' title='bbox 252 1106 325 1177; x_wconf 90' lang='lat' dir='ltr'>terii</span> <span class='ocrx_word' id='word_1_37' title='bbox 353 1131 519 1178; x_wconf 89' lang='lat' dir='ltr'>canorum</span> <span class='ocrx_word' id='word_1_38' title='bbox 541 1105 634 1178; x_wconf 87' lang='lat' dir='ltr'>illud</span> <span class='ocrx_word' id='word_1_39' title='bbox 663 1108 696 1176; x_wconf 67' lang='grc' dir='ltr'>ἃ</span> <span class='ocrx_word' id='word_1_40' title='bbox 722 1107 911 1202; x_wconf 88' lang='lat' dir='ltr'>profluens,</span> <span class='ocrx_word' id='word_1_41' title='bbox 934 1131 1017 1179; x_wconf 90' lang='lat' dir='ltr'>cum</span> <span class='ocrx_word' id='word_1_42' title='bbox 1039 1104 1112 1203; x_wconf 92' lang='lat' dir='ltr'>ipso</span> <span class='ocrx_word' id='word_1_43' title='bbox 1133 1109 1240 1181; x_wconf 77' lang='lat' dir='ltr'>simul</span> <span class='ocrx_word' id='word_1_44' title='bbox 1303 1127 1310 1137; x_wconf 74' lang='grc'><strong>“</strong></span> 
     </span>
     <span class='ocr_line' id='line_1_8' title="bbox 254 1225 645 1298; baseline 0.005 -1"><span class='ocrx_word' id='word_1_45' title='bbox 254 1225 540 1298; x_wconf 68' lang='lat' dir='ltr'>exstinctumest.</span> <span class='ocrx_word' id='word_1_46' title='bbox 644 1278 645 1281; x_wconf 20' lang='grc' dir='ltr'><strong>κ</strong></span> 
     </span>
    </p>

    <p class='ocr_par' dir='ltr' id='par_1_3' title="bbox 180 1342 1248 2774">
     <span class='ocr_line' id='line_1_9' title="bbox 301 1342 1236 1449; baseline 0.004 -31"><span class='ocrx_word' id='word_1_47' title='bbox 301 1349 419 1418; x_wconf 89' lang='lat' dir='ltr'>LXll.</span> <span class='ocrx_word' id='word_1_48' title='bbox 445 1342 502 1420; x_wconf 62' lang='lat' dir='ltr'>Mss</span> <span class='ocrx_word' id='word_1_49' title='bbox 520 1350 706 1437; x_wconf 75' lang='lat' dir='ltr'>chruro,</span> <span class='ocrx_word' id='word_1_50' title='bbox 737 1350 789 1449; x_wconf 61' lang='lat' dir='ltr'>L,</span> <span class='ocrx_word' id='word_1_51' title='bbox 807 1349 999 1446; x_wconf 85' lang='lat' dir='ltr'>Calpurnio</span> <span class='ocrx_word' id='word_1_52' title='bbox 1025 1348 1236 1440; x_wconf 88' lang='lat' dir='ltr'>consulibus,</span> 
     </span>
     <span class='ocr_line' id='line_1_10' title="bbox 251 1467 1236 1568; baseline 0.005 -30"><span class='ocrx_word' id='word_1_53' title='bbox 251 1467 449 1564; x_wconf 90' lang='lat' dir='ltr'>ingentium</span> <span class='ocrx_word' id='word_1_54' title='bbox 471 1469 644 1540; x_wconf 89' lang='lat' dir='ltr'>bellorum</span> <span class='ocrx_word' id='word_1_55' title='bbox 669 1470 806 1553; x_wconf 81' lang='lat' dir='ltr'>cladem</span> <span class='ocrx_word' id='word_1_56' title='bbox 835 1469 997 1568; x_wconf 67' lang='lat' dir='ltr'>aequavit</span> <span class='ocrx_word' id='word_1_57' title='bbox 1018 1471 1149 1543; x_wconf 89' lang='lat' dir='ltr'>malum</span> <span class='ocrx_word' id='word_1_58' title='bbox 1167 1470 1236 1543; x_wconf 91' lang='lat' dir='ltr'>im·</span> 
     </span>
     <span class='ocr_line' id='line_1_11' title="bbox 252 1586 1235 1686; baseline 0.005 -28"><span class='ocrx_word' id='word_1_59' title='bbox 252 1586 451 1685; x_wconf 88' lang='lat' dir='ltr'>provisum:</span> <span class='ocrx_word' id='word_1_60' title='bbox 494 1586 566 1686; x_wconf 88' lang='lat' dir='ltr'>ejus</span> <span class='ocrx_word' id='word_1_61' title='bbox 599 1588 741 1661; x_wconf 90' lang='lat' dir='ltr'>initium</span> <span class='ocrx_word' id='word_1_62' title='bbox 782 1591 882 1662; x_wconf 77' lang='lat' dir='ltr'>simul</span> <span class='ocrx_word' id='word_1_63' title='bbox 917 1595 950 1663; x_wconf 75' lang='lat' dir='ltr'>Se</span> <span class='ocrx_word' id='word_1_64' title='bbox 984 1590 1061 1663; x_wconf 87' lang='lat' dir='ltr'>finis</span> <span class='ocrx_word' id='word_1_65' title='bbox 1094 1589 1235 1663; x_wconf 84' lang='lat' dir='ltr'>exstitit.</span> 
     </span>
     <span class='ocr_line' id='line_1_12' title="bbox 250 1709 1239 1808; baseline 0.006 -28"><span class='ocrx_word' id='word_1_66' title='bbox 250 1711 349 1780; x_wconf 88' lang='lat' dir='ltr'>Nam</span> <span class='ocrx_word' id='word_1_67' title='bbox 372 1730 492 1805; x_wconf 88' lang='lat' dir='ltr'>coepto</span> <span class='ocrx_word' id='word_1_68' title='bbox 512 1711 607 1807; x_wconf 91' lang='lat' dir='ltr'>apud</span> <span class='ocrx_word' id='word_1_69' title='bbox 633 1709 782 1783; x_wconf 84' lang='lat' dir='ltr'>Fidenas</span> <span class='ocrx_word' id='word_1_70' title='bbox 810 1712 1078 1808; x_wconf 84' lang='lat' dir='ltr'>amphitheatm,</span> <span class='ocrx_word' id='word_1_71' title='bbox 1105 1712 1239 1787; x_wconf 84' lang='lat' dir='ltr'>Atilius</span> 
     </span>
     <span class='ocr_line' id='line_1_13' title="bbox 251 1828 1234 1932; baseline 0.003 -30"><span class='ocrx_word' id='word_1_72' title='bbox 251 1830 398 1932; x_wconf 88' lang='lat' dir='ltr'>quidam</span> <span class='ocrx_word' id='word_1_73' title='bbox 415 1830 566 1902; x_wconf 87' lang='lat' dir='ltr'>libertini</span> <span class='ocrx_word' id='word_1_74' title='bbox 584 1829 730 1927; x_wconf 76' lang='lat' dir='ltr'>generiS,</span> <span class='ocrx_word' id='word_1_75' title='bbox 755 1830 828 1927; x_wconf 78' lang='lat' dir='ltr'>quo</span> <span class='ocrx_word' id='word_1_76' title='bbox 845 1828 1076 1928; x_wconf 61' lang='lat' dir='ltr'>spectaculum</span> <span class='ocrx_word' id='word_1_77' title='bbox 1100 1832 1234 1930; x_wconf 88' lang='lat' dir='ltr'>gladia·</span> 
     </span>
     <span class='ocr_line' id='line_1_14' title="bbox 250 1950 1248 2048; baseline 0.005 -26"><span class='ocrx_word' id='word_1_78' title='bbox 250 1970 368 2022; x_wconf 86' lang='lat' dir='ltr'>torum</span> <span class='ocrx_word' id='word_1_79' title='bbox 387 1953 589 2039; x_wconf 82' lang='lat' dir='ltr'>celebraret,</span> <span class='ocrx_word' id='word_1_80' title='bbox 615 1976 730 2048; x_wconf 90' lang='lat' dir='ltr'>neque</span> <span class='ocrx_word' id='word_1_81' title='bbox 753 1950 981 2026; x_wconf 83' lang='lat' dir='ltr'>fundamenta</span> <span class='ocrx_word' id='word_1_82' title='bbox 1005 1978 1066 2048; x_wconf 91' lang='lat' dir='ltr'>per</span> <span class='ocrx_word' id='word_1_83' title='bbox 1081 1951 1248 2028; x_wconf 45' lang='lat' dir='ltr'>solidumx</span> 
     </span>
     <span class='ocr_line' id='line_1_15' title="bbox 249 2068 1234 2170; baseline 0.006 -29"><span class='ocrx_word' id='word_1_84' title='bbox 249 2068 414 2159; x_wconf 77' lang='lat' dir='ltr'>subdidit,</span> <span class='ocrx_word' id='word_1_85' title='bbox 437 2096 550 2166; x_wconf 91' lang='lat' dir='ltr'>neque</span> <span class='ocrx_word' id='word_1_86' title='bbox 564 2071 670 2142; x_wconf 85' lang='lat' dir='ltr'>firmis</span> <span class='ocrx_word' id='word_1_87' title='bbox 686 2071 832 2145; x_wconf 81' lang='lat' dir='ltr'>nexibus</span> <span class='ocrx_word' id='word_1_88' title='bbox 850 2071 1003 2168; x_wconf 85' lang='lat' dir='ltr'>ligneam</span> <span class='ocrx_word' id='word_1_89' title='bbox 1021 2097 1234 2170; x_wconf 84' lang='lat' dir='ltr'>compagem</span> 
     </span>
     <span class='ocr_line' id='line_1_16' title="bbox 250 2188 1232 2287; baseline 0.004 -24"><span class='ocrx_word' id='word_1_90' title='bbox 250 2188 493 2286; x_wconf 84' lang='lat' dir='ltr'>superstruxit:</span> <span class='ocrx_word' id='word_1_91' title='bbox 522 2212 560 2263; x_wconf 90' lang='lat' dir='ltr'>ut</span> <span class='ocrx_word' id='word_1_92' title='bbox 584 2191 643 2287; x_wconf 90' lang='lat' dir='ltr'>qui</span> <span class='ocrx_word' id='word_1_93' title='bbox 663 2218 732 2263; x_wconf 92' lang='lat' dir='ltr'>non</span> <span class='ocrx_word' id='word_1_94' title='bbox 750 2191 957 2265; x_wconf 70' lang='lat' dir='ltr'>abundantii</span> <span class='ocrx_word' id='word_1_95' title='bbox 975 2192 1143 2286; x_wconf 79' lang='lat' dir='ltr'>pecuniae,</span> <span class='ocrx_word' id='word_1_96' title='bbox 1163 2220 1232 2267; x_wconf 90' lang='lat' dir='ltr'>nec</span> 
     </span>
     <span class='ocr_line' id='line_1_17' title="bbox 249 2309 1228 2410; baseline 0.001 -26"><span class='ocrx_word' id='word_1_97' title='bbox 249 2312 451 2410; x_wconf 81' lang='lat' dir='ltr'>municipali</span> <span class='ocrx_word' id='word_1_98' title='bbox 474 2312 677 2403; x_wconf 86' lang='lat' dir='ltr'>ambitione,</span> <span class='ocrx_word' id='word_1_99' title='bbox 702 2312 759 2385; x_wconf 85' lang='lat' dir='ltr'>sod</span> <span class='ocrx_word' id='word_1_100' title='bbox 787 2312 821 2384; x_wconf 90' lang='lat' dir='ltr'>in</span> <span class='ocrx_word' id='word_1_101' title='bbox 848 2309 981 2384; x_wconf 59' lang='lat' dir='ltr'>sordide</span> <span class='ocrx_word' id='word_1_102' title='bbox 1003 2312 1161 2384; x_wconf 83' lang='lat' dir='ltr'>mercede</span> <span class='ocrx_word' id='word_1_103' title='bbox 1189 2311 1228 2385; x_wconf 92' lang='lat' dir='ltr'>id</span> 
     </span>
     <span class='ocr_line' id='line_1_18' title="bbox 249 2432 1228 2536; baseline 0.002 -30"><span class='ocrx_word' id='word_1_104' title='bbox 249 2435 432 2533; x_wconf 85' lang='lat' dir='ltr'>negotium</span> <span class='ocrx_word' id='word_1_105' title='bbox 462 2435 679 2536; x_wconf 55' lang='lat' dir='ltr'>quaesrvilset,</span> <span class='ocrx_word' id='word_1_106' title='bbox 736 2434 930 2508; x_wconf 71' lang='lat' dir='ltr'>Adfluxl‘re</span> <span class='ocrx_word' id='word_1_107' title='bbox 964 2432 1057 2527; x_wconf 84' lang='lat' dir='ltr'>avidi</span> <span class='ocrx_word' id='word_1_108' title='bbox 1087 2433 1228 2525; x_wconf 90' lang='lat' dir='ltr'>talium,</span> 
     </span>
     <span class='ocr_line' id='line_1_19' title="bbox 249 2555 1229 2653; baseline -0.002 -24"><span class='ocrx_word' id='word_1_109' title='bbox 249 2555 469 2653; x_wconf 86' lang='lat' dir='ltr'>imperitante</span> <span class='ocrx_word' id='word_1_110' title='bbox 501 2555 645 2628; x_wconf 89' lang='lat' dir='ltr'>Tiberio</span> <span class='ocrx_word' id='word_1_111' title='bbox 680 2556 803 2651; x_wconf 83' lang='lat' dir='ltr'>procul</span> <span class='ocrx_word' id='word_1_112' title='bbox 837 2555 1073 2652; x_wconf 90' lang='lat' dir='ltr'>voluptatibus</span> <span class='ocrx_word' id='word_1_113' title='bbox 1104 2556 1229 2646; x_wconf 83' lang='lat' dir='ltr'>habiti,</span> 
     </span>
     <span class='ocr_line' id='line_1_20' title="bbox 180 2655 1230 2774; baseline 0.001 -25"><span class='ocrx_word' id='word_1_114' title='bbox 180 2685 183 2697; x_wconf 84' lang='grc'>’</span> <span class='ocrx_word' id='word_1_115' title='bbox 248 2676 346 2749; x_wconf 90' lang='lat' dir='ltr'>virile</span> <span class='ocrx_word' id='word_1_116' title='bbox 371 2702 412 2749; x_wconf 90' lang='lat' dir='ltr'>ac</span> <span class='ocrx_word' id='word_1_117' title='bbox 437 2676 606 2749; x_wconf 87' lang='lat' dir='ltr'>muliebre</span> <span class='ocrx_word' id='word_1_118' title='bbox 624 2673 730 2763; x_wconf 88' lang='lat' dir='ltr'>secus,</span> <span class='ocrx_word' id='word_1_119' title='bbox 753 2655 867 2747; x_wconf 89' lang='lat' dir='ltr'>omnis</span> <span class='ocrx_word' id='word_1_120' title='bbox 893 2696 987 2764; x_wconf 81' lang='lat' dir='ltr'>aetas,</span> <span class='ocrx_word' id='word_1_121' title='bbox 1010 2679 1058 2750; x_wconf 92' lang='lat' dir='ltr'>ob</span> <span class='ocrx_word' id='word_1_122' title='bbox 1085 2677 1230 2774; x_wconf 88' lang='lat' dir='ltr'>propin-</span> 
     </span>
    </p>

    <p class='ocr_par' dir='ltr' id='par_1_4' title="bbox 165 2788 1306 3277">
     <span class='ocr_line' id='line_1_21' title="bbox 206 2788 1229 2894; baseline 0.002 -26"><span class='ocrx_word' id='word_1_123' title='bbox 206 2886 209 2892; x_wconf 16' lang='grc' dir='ltr'>ι</span> <span class='ocrx_word' id='word_1_124' title='bbox 247 2788 419 2894; x_wconf 75' lang='lat' dir='ltr'>quitatem</span> <span class='ocrx_word' id='word_1_125' title='bbox 451 2797 520 2870; x_wconf 91' lang='lat' dir='ltr'>loci</span> <span class='ocrx_word' id='word_1_126' title='bbox 548 2796 702 2868; x_wconf 80' lang='lat' dir='ltr'>effusrbs:</span> <span class='ocrx_word' id='word_1_127' title='bbox 731 2796 825 2866; x_wconf 89' lang='lat' dir='ltr'>unde</span> <span class='ocrx_word' id='word_1_128' title='bbox 852 2795 993 2892; x_wconf 72' lang='lat' dir='ltr'>gravior</span> <span class='ocrx_word' id='word_1_129' title='bbox 1021 2795 1122 2893; x_wconf 92' lang='lat' dir='ltr'>pestis</span> <span class='ocrx_word' id='word_1_130' title='bbox 1150 2794 1229 2890; x_wconf 90' lang='lat' dir='ltr'>suit,</span> 
     </span>
     <span class='ocr_line' id='line_1_22' title="bbox 249 2914 1231 3008; baseline 0.002 -19"><span class='ocrx_word' id='word_1_131' title='bbox 249 2916 402 2990; x_wconf 70' lang='lat' dir='ltr'>conserta</span> <span class='ocrx_word' id='word_1_132' title='bbox 418 2920 522 3001; x_wconf 82' lang='lat' dir='ltr'>mole,</span> <span class='ocrx_word' id='word_1_133' title='bbox 539 2917 621 2990; x_wconf 88' lang='lat' dir='ltr'>dein</span> <span class='ocrx_word' id='word_1_134' title='bbox 638 2916 817 3005; x_wconf 61' lang='lat' dir='ltr'>convulsi,</span> <span class='ocrx_word' id='word_1_135' title='bbox 844 2915 933 2989; x_wconf 91' lang='lat' dir='ltr'>dum</span> <span class='ocrx_word' id='word_1_136' title='bbox 951 2914 1018 2989; x_wconf 89' lang='lat' dir='ltr'>ruit</span> <span class='ocrx_word' id='word_1_137' title='bbox 1036 2914 1143 3008; x_wconf 87' lang='lat' dir='ltr'>intus,</span> <span class='ocrx_word' id='word_1_138' title='bbox 1170 2939 1231 2991; x_wconf 90' lang='lat' dir='ltr'>aut</span> 
     </span>
     <span class='ocr_line' id='line_1_23' title="bbox 247 3029 1229 3135; baseline 0 -24"><span class='ocrx_word' id='word_1_139' title='bbox 247 3037 285 3111; x_wconf 93' lang='lat' dir='ltr'>in</span> <span class='ocrx_word' id='word_1_140' title='bbox 307 3036 473 3111; x_wconf 88' lang='lat' dir='ltr'>exteriora</span> <span class='ocrx_word' id='word_1_141' title='bbox 490 3038 703 3111; x_wconf 86' lang='lat' dir='ltr'>effunditur:</span> <span class='ocrx_word' id='word_1_142' title='bbox 731 3029 1006 3135; x_wconf 84' lang='lat' dir='ltr'>immensamque</span> <span class='ocrx_word' id='word_1_143' title='bbox 1030 3036 1105 3109; x_wconf 89' lang='lat' dir='ltr'>vim</span> <span class='ocrx_word' id='word_1_144' title='bbox 1133 3064 1229 3111; x_wconf 86' lang='lat' dir='ltr'>mor·</span> 
     </span>
     <span class='ocr_line' id='line_1_24' title="bbox 165 3146 1306 3277; baseline 0.002 -47"><span class='ocrx_word' id='word_1_145' title='bbox 165 3168 167 3171; x_wconf 79' lang='grc'>’</span> <span class='ocrx_word' id='word_1_146' title='bbox 246 3160 397 3251; x_wconf 73' lang='lat' dir='ltr'>talium,</span> <span class='ocrx_word' id='word_1_147' title='bbox 414 3155 610 3255; x_wconf 68' lang='lat' dir='ltr'>spectaculo</span> <span class='ocrx_word' id='word_1_148' title='bbox 627 3159 792 3248; x_wconf 77' lang='lat' dir='ltr'>intentos,</span> <span class='ocrx_word' id='word_1_149' title='bbox 814 3178 872 3231; x_wconf 87' lang='lat' dir='ltr'>aut</span> <span class='ocrx_word' id='word_1_150' title='bbox 891 3157 952 3256; x_wconf 90' lang='lat' dir='ltr'>qui</span> <span class='ocrx_word' id='word_1_151' title='bbox 970 3158 1101 3238; x_wconf 80' lang='lat' dir='ltr'>circbm</span> <span class='ocrx_word' id='word_1_152' title='bbox 1118 3158 1231 3232; x_wconf 89' lang='lat' dir='ltr'>adsta·</span> <span class='ocrx_word' id='word_1_153' title='bbox 1278 3258 1282 3277; x_wconf 88' lang='lat'><em>.</em></span> <span class='ocrx_word' id='word_1_154' title='bbox 1303 3146 1306 3151; x_wconf 63' lang='lat'>,.</span> 
     </span>
    </p>
   </div>
   <div class='ocr_carea' id='block_1_3' title="bbox 96 3272 1229 3378">
    <p class='ocr_par' dir='ltr' id='par_1_5' title="bbox 96 3272 1229 3378">
     <span class='ocr_line' id='line_1_25' title="bbox 96 3272 1229 3378; baseline 0.001 -28"><span class='ocrx_word' id='word_1_155' title='bbox 96 3338 102 3362; x_wconf 73' lang='lat'>,</span> <span class='ocrx_word' id='word_1_156' title='bbox 176 3272 178 3276; x_wconf 56' lang='grc'>’</span> <span class='ocrx_word' id='word_1_157' title='bbox 247 3280 345 3370; x_wconf 85' lang='lat' dir='ltr'>bant,</span> <span class='ocrx_word' id='word_1_158' title='bbox 374 3305 525 3378; x_wconf 84' lang='lat' dir='ltr'>praeceps</span> <span class='ocrx_word' id='word_1_159' title='bbox 544 3278 662 3369; x_wconf 84' lang='lat' dir='ltr'>trahit,</span> <span class='ocrx_word' id='word_1_160' title='bbox 692 3300 799 3375; x_wconf 91' lang='lat' dir='ltr'>atque</span> <span class='ocrx_word' id='word_1_161' title='bbox 825 3278 947 3375; x_wconf 86' lang='lat' dir='ltr'>operit.</span> <span class='ocrx_word' id='word_1_162' title='bbox 1009 3281 1055 3349; x_wconf 87' lang='lat' dir='ltr'>Et</span> <span class='ocrx_word' id='word_1_163' title='bbox 1078 3277 1127 3349; x_wconf 91' lang='lat' dir='ltr'>illi</span> <span class='ocrx_word' id='word_1_164' title='bbox 1150 3279 1229 3376; x_wconf 88' lang='lat' dir='ltr'>qui·</span> 
     </span>
    </p>
   </div>
   <div class='ocr_carea' id='block_1_4' title="bbox 236 3398 1228 3858">
    <p class='ocr_par' dir='ltr' id='par_1_6' title="bbox 247 3398 1228 3739">
     <span class='ocr_line' id='line_1_26' title="bbox 247 3398 1228 3499; baseline 0.001 -29"><span class='ocrx_word' id='word_1_165' title='bbox 247 3398 331 3470; x_wconf 90' lang='lat' dir='ltr'>dem</span> <span class='ocrx_word' id='word_1_166' title='bbox 358 3427 447 3497; x_wconf 87' lang='lat' dir='ltr'>quos</span> <span class='ocrx_word' id='word_1_167' title='bbox 473 3398 682 3497; x_wconf 84' lang='lat' dir='ltr'>principium</span> <span class='ocrx_word' id='word_1_168' title='bbox 709 3398 828 3499; x_wconf 88' lang='lat' dir='ltr'>stragis</span> <span class='ocrx_word' id='word_1_169' title='bbox 859 3398 1075 3471; x_wconf 68' lang='lat' dir='ltr'>in‘mortem</span> <span class='ocrx_word' id='word_1_170' title='bbox 1101 3400 1228 3472; x_wconf 87' lang='lat' dir='ltr'>adflix-</span> 
     </span>
     <span class='ocr_line' id='line_1_27' title="bbox 247 3492 1226 3618; baseline -0.001 -29"><span class='ocrx_word' id='word_1_171' title='bbox 247 3536 333 3604; x_wconf 88' lang='lat' dir='ltr'>erat,</span> <span class='ocrx_word' id='word_1_172' title='bbox 357 3540 395 3590; x_wconf 89' lang='lat' dir='ltr'>ut</span> <span class='ocrx_word' id='word_1_173' title='bbox 413 3520 471 3591; x_wconf 86' lang='lat' dir='ltr'>tali</span> <span class='ocrx_word' id='word_1_174' title='bbox 488 3518 589 3609; x_wconf 90' lang='lat' dir='ltr'>sorte,</span> <span class='ocrx_word' id='word_1_175' title='bbox 610 3492 804 3593; x_wconf 76' lang='lat' dir='ltr'>cruciatum</span> <span class='ocrx_word' id='word_1_176' title='bbox 816 3520 985 3618; x_wconf 70' lang='lat' dir='ltr'>effugere.</span> <span class='ocrx_word' id='word_1_177' title='bbox 1036 3518 1226 3601; x_wconf 71' lang='lat' dir='ltr'>Miserandi</span> 
     </span>
     <span class='ocr_line' id='line_1_28' title="bbox 247 3624 1226 3739; baseline 0.004 -28"><span class='ocrx_word' id='word_1_178' title='bbox 247 3635 372 3733; x_wconf 87' lang='lat' dir='ltr'>magis,</span> <span class='ocrx_word' id='word_1_179' title='bbox 405 3644 518 3733; x_wconf 64' lang='lat' dir='ltr'>‘quos,</span> <span class='ocrx_word' id='word_1_180' title='bbox 561 3624 707 3738; x_wconf 71' lang='lat' dir='ltr'>abrupta</span> <span class='ocrx_word' id='word_1_181' title='bbox 736 3661 831 3739; x_wconf 88' lang='lat' dir='ltr'>parte</span> <span class='ocrx_word' id='word_1_182' title='bbox 857 3639 1028 3736; x_wconf 89' lang='lat' dir='ltr'>corporis,</span> <span class='ocrx_word' id='word_1_183' title='bbox 1067 3636 1226 3715; x_wconf 82' lang='lat' dir='ltr'>nondum</span> 
     </span>
    </p>

    <p class='ocr_par' dir='ltr' id='par_1_7' title="bbox 236 3753 1225 3858">
     <span class='ocr_line' id='line_1_29' title="bbox 236 3753 1225 3858; baseline -0.003 -29"><span class='ocrx_word' id='word_1_184' title='bbox 236 3756 317 3849; x_wconf 51' lang='lat' dir='ltr'>¹uita¹</span> <span class='ocrx_word' id='word_1_185' title='bbox 345 3753 532 3849; x_wconf 73' lang='lat' dir='ltr'>deseruerat</span> <span class='ocrx_word' id='word_1_186' title='bbox 541 3787 552 3843; x_wconf 93' lang='lat'>;</span> <span class='ocrx_word' id='word_1_187' title='bbox 580 3760 640 3856; x_wconf 90' lang='lat' dir='ltr'>qui</span> <span class='ocrx_word' id='word_1_188' title='bbox 670 3767 731 3858; x_wconf 85' lang='lat' dir='ltr'>per&#39;</span> <span class='ocrx_word' id='word_1_189' title='bbox 757 3760 852 3848; x_wconf 85' lang='lat' dir='ltr'>diem</span> <span class='ocrx_word' id='word_1_190' title='bbox 880 3758 966 3848; x_wconf 85' lang='lat' dir='ltr'>visu,</span> <span class='ocrx_word' id='word_1_191' title='bbox 993 3756 1225 3857; x_wconf 70' lang='lat' dir='ltr'>pernoctem</span> 
     </span>
    </p>
   </div>
   <div class='ocr_carea' id='block_1_5' title="bbox 0 0 1384 4718">
    <p class='ocr_par' dir='ltr' id='par_1_8' title="bbox 0 0 1384 4718">
     <span class='ocr_line' id='line_1_30' title="bbox 0 0 1384 4718; baseline 0 2"><span class='ocrx_word' id='word_1_192' title='bbox 0 0 1384 4718; x_wconf 95' lang='lat' dir='ltr'> </span> 
     </span>
    </p>
   </div>
  </div>
 </body>
</html>
