2738 4710
1011 391 1016 407 .
1112 321 1115 325 ’
1148 297 1246 382 'xxxi

239 476 283 573 J.
304 470 485 549 Gronovio
511 458 674 564 aliisque
699 487 845 543 errorem
862 484 989 558 errent,
1018 491 1082 544 nec
1105 494 1243 570 putent,

84 673 87 677 ,
240 586 456 672 Beroaldum
483 588 601 666 etiarn
633 582 784 686 reliquos
807 590 921 665 Taciti
946 592 1049 665 libros
1077 597 1174 673 Anu.
1208 599 1243 670 δι

243 717 486 794 Historiarum
506 710 630 788 eMS.
649 708 861 804 Florentino,
878 714 1150 812 Langobardico
1166 715 1240 809 illo,

116 879 119 884 ·
188 830 203 842 ²
239 837 419 912 edidisse:
457 835 562 936 quod
592 829 803 907 falfiffimum
832 833 912 925 effe,
944 860 1081 910 meres
1109 837 1241 913 docuit.

245 957 330 1057 lpsa
347 955 632 1056 praefatiuncula,
656 952 694 1025 ὅτ
716 955 909 1030 admonitio
925 956 971 1030 de
988 956 1122 1030 mendis
1138 978 1240 1056 typo-

249 1078 445 1178 graphicis,
474 1078 572 1153 libro
600 1074 723 1174 quinto
751 1075 913 1176 subjecta,
939 1068 1064 1152 docere
1091 1099 1239 1175 poterat,

247 1199 460 1276 Beroaldum
474 1198 636 1298 quinque
652 1196 729 1272 illos
745 1198 848 1272 libros
865 1218 1002 1272 tantum
1018 1224 1038 1272 e
1054 1201 1133 1274 MS.
1151 1202 1239 1274 Cor·

249 1321 382 1394 beienfi
399 1319 555 1393 edidisse.
604 1319 703 1392 Nam
719 1320 806 1393 alter
822 1319 880 1393 ille
903 1320 1044 1409 Codex,
1067 1317 1241 1398 incertum

209 1462 213 1469 ’
248 1439 322 1533 est,
349 1465 395 1514 an
411 1458 488 1512 tum
498 1436 577 1536 jam
599 1439 781 1513 Florentiae
797 1437 911 1514 suerit.
945 1438 981 1513 Si
1001 1437 1078 1527 fuit,
1098 1439 1183 1536 quid
1201 1442 1239 1515 id

253 1562 305 1633 ad
332 1560 558 1649 Beroaldum,
585 1558 644 1657 qui
672 1563 799 1634 Romae
830 1562 928 1633 erat?
964 1562 1150 1657 Agebatur
1170 1562 1239 1644 hoc

200 1685 202 1688 ’
253 1699 410 1770 tanturn,
427 1699 464 1752 ut
476 1677 554 1753 libri
571 1681 726 1754 nondum
744 1680 829 1755 editi
846 1681 1081 1779 vulgarentur.
1116 1682 1240 1780 ltaque

202 1870 210 1880 ,
254 1804 294 1874 δι
313 1800 474 1897 exempla
489 1799 696 1892 Beroaldina
707 1801 937 1900 reperiuntur,
962 1799 999 1874 in
1017 1799 1145 1899 quibus
1162 1823 1239 1877 tan·

254 1941 335 1994 tum
363 1918 440 1994 libri
465 1920 516 1995 illi
547 1920 696 2019 primic
724 1922 858 1997 Codice
886 1920 1084 1996 Corbeienfi
1110 1921 1237 1999 insunt.
1282 1978 1284 1982 ‚

251 2039 365 2115 Ceteri
382 2040 488 2140 igitur
504 2040 616 2117 additi
631 2042 707 2116 sunt
730 2067 776 2117 ex
792 2041 944 2118 editione
967 2045 1024 2118 Fr.
1046 2045 1241 2121 Puteolani.

250 2160 362 2261 Cujus
390 2162 437 2237 rei
455 2163 628 2238 indicium
652 2156 708 2237 vel
726 2164 795 2239 hoc
823 2165 888 2258 est,
914 2155 1012 2264 quod
1040 2163 1154 2241 Libro
1170 2167 1238 2240 Xl.

249 2287 433 2384 praeposrta
444 2285 493 2359 est
508 2284 691 2358 Puteolani
707 2283 878 2382 praelatio
910 2283 1108 2360 Planiffime
1120 2304 1239 2365 autem

250 2407 322 2479 hoc
339 2430 397 2479 me
412 2405 535 2479 docuit
554 2424 669 2479 textus
694 2406 850 2482 Romani
876 2406 979 2504 ipsius
1003 2410 1084 2481 curn
1102 2409 1238 2484 Veneto
1267 2432 1269 2437 ’

252 2524 478 2622 comparatio.
505 2525 648 2601 Etenim
660 2525 748 2617 ridi,
763 2527 847 2601 locis
862 2526 998 2627 oppido
1008 2527 1125 2626 paucis
1136 2528 1239 2606 illum

252 2649 301 2721 ab
324 2647 393 2721 hoc
413 2646 628 2745 discrepare:
657 2646 764 2721 ficubi
786 2645 967 2747 discrepet,
998 2648 1036 2722 id
1063 2671 1123 2722 aut
1149 2651 1238 2724 vitio
1274 2667 1279 2690 ⁸

248 2792 449 2865 operarum,
466 2787 525 2841 aut
536 2767 741 2843 correctoris
758 2767 937 2845 sedulitate
949 2768 1094 2857 facium,
1113 2790 1151 2840 ut
1167 2768 1239 2843 sere

253 2887 383 2959 accidit
405 2886 441 2960 in
458 2887 625 2962 omnibus
641 2889 767 2964 talibus
789 2888 897 2967 libris.
925 2887 1019 2985 (vid.
1048 2911 1128 2984 quae
1151 2913 1237 2964 mox

252 3007 303 3080 dc
328 3004 461 3079 Aldina
481 3008 538 3078 ed.
559 3007 738 3105 dicentur)
785 3009 857 3084 'Sed
886 3004 1149 3085 Mediolanense
1174 3034 1237 3085 ex·

162 3207 164 3212 ,
252 3125 415 3224 emplum
441 3151 514 3199 non
539 3126 706 3223 habuisse,
739 3157 804 3206 nec
832 3130 945 3228 operis
966 3129 1238 3228 exprimendum

204 3312 208 3317 .
251 3246 382 3322 dedisse
412 3249 637 3341 Beroaldum,
666 3255 851 3348 portares
879 3248 1090 3326 indicioest.
1140 3250 1238 3324 Nam

252 3367 291 3442 in
309 3367 509 3467 praefatione
525 3371 724 3461 Puteolani,
751 3396 858 3470 quam
877 3370 1060 3469 repetitam
1079 3368 1145 3443 esse
1162 3369 1244 3453 dixi

248 3488 285 3563 in
301 3490 454 3566 editione
480 3491 706 3581 Beroaldina,
730 3485 826 3564 idem
853 3515 948 3569 error
963 3515 1146 3588 operarum
1174 3492 1236 3581 est,

252 3609 360 3685 Veteri
383 3638 446 3711 pro
472 3613 587 3686 Veneti
600 3601 898 3708 exprimentium,
925 3609 986 3709 qui
1014 3611 1048 3685 in
1078 3612 1235 3695 Veneta3

250 3755 332 3808 curn
367 3732 404 3808 in
429 3732 693 3811 Mediolanensi
723 3728 832 3803 Veneti
862 3722 913 3806 stt.
968 3734 1089 3830 ltaque
1119 3728 1239 3804 frustra
