2738 4710
364 380 367 385 .
434 329 754 404 Armorum
792 325 906 400 Lrn.
934 333 961 403 Ι.
1149 365 1195 440 37

208 513 237 560 l‘
249 509 372 608 quibus
402 498 491 605 tam¹
508 490 664 605 projecla
689 504 825 579 senatlrs
853 509 1061 585 auctoritas:
1088 515 1193 589 hosti·

200 637 232 730 ·“
243 657 299 704 um
317 625 560 729 quoquejus,
591 632 625 701 lt
643 626 736 702 sacra
756 627 953 728 legationis,
985 634 1018 703 ὅτ
1036 630 1086 734 fas
1103 661 1190 735 gen-

203 751 328 831 “tium
347 749 499 849 rupistis.
550 748 667 825 Divus
683 747 800 844 Julius
824 748 1030 826 seditionem
1055 758 1188 830 exerci-

201 875 295 948 “tlrs
325 875 437 947 verbo
463 898 539 950 ,uno
567 869 799 969 compescuit,
831 873 980 972 Quirites
1009 879 1184 969 vocando,

200 995 299 1094 “qui
317 992 571 1069 sacramentum
588 990 660 1090 ejus
677 994 925 1067 detrectabant.
976 993 1090 1068 Divus
1108 1003 1185 1072 Au-

199 1122 226 1159 “
239 1117 371 1215 gustus,
402 1117 505 1189 vultu
531 1121 566 1190 δι
592 1112 733 1211 aspectu
755 1112 914 1190 Atliacas
942 1093 1097 1214 legionen
1124 1126 1186 1192 ex-

198 1243 225 1280 “
238 1237 379 1313 terruit:
412 1264 490 1328 nos,
527 1256 575 1311 ut
596 1235 758 1311 nondum
783 1232 937 1328 eosdem,
964 1236 1013 1329 ita
1041 1264 1087 1311 ex
1116 1239 1184 1315 illis

199 1361 227 1401 “
241 1379 351 1445 ortos,
379 1361 403 1431 s1
425 1356 603 1454 Hispaniae
631 1354 783 1452 Syriaeve
809 1355 909 1430 miles
939 1346 1194 1455 aspemaretur,

201 1481 362 1551 “tamen
386 1476 571 1553 mirum&
599 1467 789 1575 indignum
816 1498 909 1551 crat:
944 1478 1114 1576 primane,
1148 1490 1182 1558 &

202 1602 231 1640 “
245 1595 413 1671 vicefima
428 1598 594 1695 legiones,
625 1598 685 1670 illa
703 1597 805 1697 fignis
818 1625 839 1672 a
853 1598 1000 1672 Tiberio
1017 1604 1183 1700 acceptis,

200 1723 282 1792 “tu
299 1735 354 1792 tot
370 1717 568 1815 proeliomm
585 1717 690 1810 socia,
709 1739 762 1794 tot
779 1719 931 1817 praemiis
948 1723 1065 1812 aucta,
1083 1750 1181 1823 egre-

198 1836 338 1937 “giam
365 1839 447 1915 duci
474 1841 585 1915 vestro
613 1838 759 1940 gratiam
793 1839 954 1916 refertis?
989 1843 1084 1918 hunc
1114 1870 1183 1942 ego

186 1944 227 2005 '“
239 1959 405 2034 nuntium
438 1960 539 2058 patri,
575 1963 653 2036 laeta
680 1962 800 2036 omnia
826 1962 902 2036 aliis
936 1988 956 2036 e
990 1963 1181 2062 provinciis

195 2087 225 2123 “
235 2081 408 2173 audienti,
435 2080 573 2157 seram?
609 2083 713 2182 ipfius
739 2082 882 2177 tirones,
915 2084 1019 2184 ipfius
1046 2106 1180 2160 vetera-

192 2208 313 2296 “nos,
344 2229 417 2280 non
444 2204 618 2296 missione,
653 2231 724 2279 non
752 2206 899 2304 pecunia
923 2205 1084 2283 satiatos:
1121 2210 1181 2282 hle

192 2329 221 2367 “
232 2328 372 2403 tantum
396 2326 546 2402 interfici
565 2325 795 2418 centuriones,
824 2327 901 2427 ejici
918 2327 1091 2420 tribunos,
1126 2327 1179 2400 in·

192 2451 220 2490 “
233 2447 332 2522 cludi
348 2450 504 2546 legatos:
534 2446 664 2522 infecta
680 2447 846 2548 sanguine
863 2448 980 2540 castra,
1009 2449 1175 2525 flumina:

194 2573 365 2666 “meque
398 2568 587 2666 precariam
619 2569 773 2647 animam
807 2571 896 2648 inter
927 2569 1077 2649 infensos
1111 2592 1178 2645 tra-

197 2693 226 2732 “
240 2691 373 2764 hercl’'

237 2809 375 2892 XLIII.
404 2820 433 2858 “
447 2816 533 2889 Cun
560 2839 665 2888 nuru
691 2816 805 2914 primo
816 2815 996 2889 concionis
1021 2813 1093 2902 die,
1112 2809 1177 2892 ser-

195 2936 221 2975 “
235 2956 315 3006 rum
338 2935 426 3009 illud
446 2937 544 3033 quod
567 2936 697 3033 peston
720 2963 800 3010 meo
824 2936 971 3034 infigere
995 2934 1175 3031 parabam,
1265 2973 1268 2982 ,

197 3056 224 3091 “
238 3050 447 3127 detraxistis?
462 3059 497 3128 Ο
514 3055 700 3152 improvidi
717 3056 834 3131 amici!
865 3055 988 3129 melius
1003 3061 1036 3128 δι
1054 3080 1174 3128 aman-

76 3229 80 3240 .
195 3177 223 3214 “
238 3170 309 3246 tius
321 3171 395 3263 ille,
410 3174 470 3272 qui
483 3175 638 3273 gladium
656 3180 836 3253 offerebat:
857 3175 1054 3251 cecidissem
1066 3174 1173 3265 certe,
1193 3165 1199 3175 ’

192 3299 219 3335 “
235 3294 396 3369 nondum
413 3316 466 3369 tot
484 3297 696 3395 flagitiorum
713 3298 879 3374 exercitui
897 3323 978 3371 meo
996 3293 1171 3369 conscius:

191 3413 402 3514 “'legiffetis
434 3419 577 3509 ducem,
613 3420 674 3518 qui
707 3448 823 3494 meam
850 3418 996 3515 quidem
1023 3437 1173 3495 mortem

188 3535 446 3634 “impunitam
468 3543 603 3629 smeret,
634 3541 715 3613 Vari
738 3562 857 3614 tamen
880 3542 912 3608 δι
936 3536 1041 3614 trium
1064 3536 1174 3635 legio-

187 3663 215 3702 “
229 3655 319 3733 nuni
346 3658 575 3749 ulcisceretur.
625 3660 757 3757 Neque
785 3658 879 3746 enim
908 3656 958 3730 dii
987 3662 1109 3745 smant,
1136 3675 1176 3725 ut

186 3784 215 3827 “
228 3781 433 3880 Belgarum,
463 3803 682 3880 quamquam
701 3776 936 3868 offerentium,
964 3780 1070 3851 decus
1087 3773 1177 3848 istud
1236 3802 1240 3809 ²
1293 3778 1299 3794 “

624 3877 708 3972 D3
