2834 4732
351 312 667 382 Aunntruu
702 309 817 379 Lrn.
850 305 896 377 11.
1114 333 1160 407 97

179 496 208 532 “
227 486 373 588 gionum
406 486 526 585 legati,
550 486 612 584 qui
638 504 725 578 ‚ante
758 503 942 581 praeturam
971 482 1011 556 esa
1038 483 1161 560 militia

179 616 206 651 “
224 608 473 706 fungebantur,
497 603 574 704 jam
607 626 684 680 tum
703 626 864 703 praetores
882 604 1156 681 destinarentur:
1173 698 1176 711 ‚

153 785 155 790 -
177 737 206 773 “
224 729 391 826 Princeps
408 727 598 801 duodecim
611 727 828 817 candidatos,
863 725 899 797 in
917 752 1025 798 annos
1043 730 1157 826 singu-

175 858 203 892 “
220 852 272 923 los
288 849 522 923 nominaret.'’
574 850 688 923 Haud
704 846 856 920 dubium
874 868 959 936 erat,
990 872 1067 920 earn
1084 845 1159 921 sen·

172 972 320 1067 tentiam
337 971 440 1044 altius
460 991 655 1068 penetrare,
687 974 720 1042 &
755 996 880 1042 arcana
912 968 1049 1066 imperii
1083 989 1160 1042 ten·

171 1092 261 1165 tari:
284 1092 448 1166 Tiberius
465 1112 583 1165 tamen
601 1095 695 1189 quasi
714 1097 903 1189 augeretur
921 1091 1074 1188 potestas,
1088 1090 1161 1190 ejus
1201 1126 1202 1135 ¹

172 1213 328 1288 disseruit
344 1245 355 1309 :v
392 1216 556 1287 “Grave
580 1211 812 1286 moderationi
841 1211 908 1285 suae
933 1232 984 1284 tot
1016 1213 1159 1313 eligere,

175 1341 202 1376 “
221 1356 274 1408 tot
303 1336 468 1409 disserte:
501 1334 573 1408 vixx
579 1360 641 1432 per
660 1335 812 1432 singulos
829 1361 940 1407 annos
957 1335 1160 1407 offensiones

177 1461 206 1496 “
225 1453 343 1545 vitari,
373 1455 535 1552 quamvis
551 1454 723 1553 repulsam
746 1455 945 1554 propinqua
971 1454 1055 1551 spes'
1073 1452 1160 1528 sole-

177 1582 205 1617 “
223 1594 305 1649 tur:
333 1596 506 1673 quantum
523 1576 595 1649 odii
611 1575 686 1650 sore
703 1579 748 1650 ab
775 1574 844 1666 his,
873 1576 934 1675 qui
951 1578 1040 1649 ultra
1058 1575 1160 1673 quin·
1185 1606 1187 1616 ’

176 1703 205 1738 “
225 1696 420 1794 quennium
454 1681 703 1796 projiciantur!
746 1698 842 1771 unde
871 1695 1021 1795 prospici
1050 1698 1160 1794 pofl'e,

166 1823 204 1894 .“
223 1844 303 1916 quae
331 1817 459 1915 cuique
486 1840 559 1891 tam
589 1819 698 1919 longo
726 1816 893 1916 temporis
918 1817 1027 1915 spatio
1045 1844 1158 1925 inens,

135 1930 137 1933 ’
175 1944 203 1979 “
222 1938 366 2031 domus,
385 1938 551 2013 fortuna?
577 1938 749 2038 superbire
777 1940 938 2012 homines
968 1940 1072 2014 etiarn
1097 1967 1158 2014 an-

174 2067 203 2103 “
219 2064 289 2134 nua
304 2061 568 2160 defignatione:
597 2062 733 2160 quidsi
766 2064 938 2136 honorem
964 2087 1025 2160 per
1055 2062 1157 2160 quin-

134 2260 137 2263 ,
156 2188 200 2254 .“
218 2182 413 2282 quenniurn
430 2183 590 2282 agitent?
624 2183 893 2283 quinquiplicari
919 2183 1057 2282 prorsus
1084 2211 1159 2257 rna·

101 2346 107 2365 i
171 2311 200 2347 “
219 2304 392 2403 gistratus,
411 2302 565 2378 subverti
599 2306 707 2404 leges,
734 2333 812 2404 quae
839 2303 898 2380 sua
930 2303 1037 2400 spatia
1058 2331 1158 2378 exer-

170 2431 199 2468 “
217 2427 338 2499 cendae
364 2424 635 2499 candidatorum
663 2425 854 2519 industria,
895 2425 1159 2525 quaerendisque

110 2551 112 2555 ’
135 2641 141 2652 ⁸
167 2552 199 2633 ,“
219 2567 278 2619 aut
296 2545 474 2646 potiundis
491 2547 683 2623 honoribds
699 2546 911 2622 statuerint.'’

196 2734 199 2741 .
233 2668 426 2741 XXXVII.
468 2670 727 2743 anonn'arrr
758 2666 972 2766 inspeciem
1001 2668 1159 2743 oratione
1221 2664 1224 2672 ’

171 2785 245 2859 vim
262 2785 398 2885 imperii
424 2790 551 2882 tenuit,
565 2838 569 2843 ,
582 2789 769 2889 censusque
792 2791 1041 2889 quorumdam·
1062 2786 1156 2860 sen'a-

171 2925 287 2982 torum
306 2908 424 3007 juvit:
456 2911 528 3009 qud
545 2911 660 3011 magis
678 2912 816 3014 mirum*
827 2910 906 3002 suit,
923 2910 1021 3009 qubd
1033 2934 1157 3007 'preces

168 3029 229 3100 M.
255 3030 397 3104 Hortali
420 3031 548 3104 nobilis
565 3032 721 3131 juvenis,
752 3033 788 3106 in
818 3048 1019 3132 paupertate
1045 3032 1155 3104 nrani-

168 3147 267 3240 festa,
297 3148 475 3248 superbius
507 3154 701 3252 accepisset.
758 3157 883 3253 Nepos
912 3175 982 3228 erat
1013 3152 1155 3225 oratoris

168 3271 361 3361 Hortensii,
397 3273 543 3348 inreuus
578 3301 599 3347 a
638 3276 723 3348 divo
759 3277 922 3376 Augusto
952 3273 1155 3348 liberalitate

166 3390 283 3464 decies
310 3390 451 3467 sestertii
480 3397 609 3469 ducere
639 3421 803 3487 uxorem,
828 3395 994 3493 suscipere
1013 3396 1153 3487 liberos,

167 3538 213 3586 ne
239 3512 421 3587 clarissima
446 3514 577 3590 familia
589 3517 880 3618 exstingueretur.
931 3517 1044 3616 Igitur
1066 3546 1153 3617 qua-

168 3654 247 3707 tuor
264 3635 342 3708 filiis
360 3648 440 3709 ante
472 3636 580 3710 limen
605 3640 707 3713 curiae
724 3640 953 3730 adstantibus,
981 3640 1061 3714 loco
1079 3639 1153 3713 sen-

165 3755 298 3877 tentiae,
324 3758 410 3832 ciun
432 3757 470 3832 in
493 3759 623 3858 palatio
652 3759 787 3836 senatus
812 3764 1008 3852 haberetur,
1045 3762 1154 3835 modo

647 3875 689 3957 H
