2834 4732
393 372 709 443 *Anunrrnn
750 369 865 444 Lrs.
890 368 920 441 Ι.
1118 397 1159 472 51

231 547 313 621 LX.
350 545 526 620 Coucrrr
556 571 617 644 per
644 547 719 619 haec
746 571 818 617 non
846 544 955 617 modo
984 546 1161 639 Cherusci,

98 646 100 651 Ι
180 667 238 741 sed
274 666 500 761 contermina
536 685 681 765 gentes:
733 662 928 762 trasiusque
968 665 1003 736 in
1052 687 1163 764 partes

179 786 426 897 Inguiomerus
454 787 608 860 Arminii
636 807 793 897 patruus,
829 785 936 859 veteri
964 787 1059 883 apud
1085 791 1162 861 Ro-

180 934 301 981 manos
337 908 562 982 austoritate:
608 910 703 981 unde
731 905 840 1005 major
869 905 991 980 Caesari
1016 927 1160 981 metus:

180 1034 214 1103 δε
237 1057 280 1103 ne
306 1031 440 1103 bellum
463 1031 559 1103 mole
576 1032 646 1102 uni
664 1029 854 1127 ingrueret,
878 1027 1054 1101 Caecinam
1079 1016 1163 1104 cum

180 1149 412 1249 quadraginta
449 1149 655 1223 cohortibus
702 1148 889 1239 Romanis,
935 1143 1160 1223 distrahendo

125 1316 127 1319 v
180 1269 283 1359 hosti,
310 1265 372 1367 per
399 1272 583 1343 Bru&eros
610 1270 656 1342 ad
678 1272 811 1343 flumen
837 1269 1005 1342 Amisiam
1030 1269 1160 1342 mittitz

181 1389 339 1484 equitem
349 1391 448 1463 Pedo
466 1390 659 1485 praesestus,
684 1389 812 1464 finibus
828 1391 1017 1463 Frisiorum
1038 1391 1161 1464 ducit:

182 1505 254 1606 ipse
270 1506 445 1605 impositas
463 1509 610 1583 navibus
627 1531 778 1609 quatuor
804 1510 958 1608 legiones
984 1536 1045 1606 per
1068 1513 1163 1585 lacus

183 1628 305 1701 vexit:
331 1630 503 1726 simulque
519 1632 645 1727 pedes,
669 1657 789 1729 eques,
816 1633 936 1720 clalsrs,
958 1633 1051 1728 apud
1077 1658 1164 1728 prae·

181 1747 319 1822 distum
342 1775 483 1822 amnem
508 1753 712 1824 convensre.
768 1747 903 1825 Chauci
928 1753 1011 1825 ciun
1035 1751 1165 1825 auxilia

165 1870 444 1968 pollicerentur,
479 1870 516 1946 in
538 1873 785 1946 commilitium
805 1870 924 1947 adsciti
946 1871 1033 1946 sunt.
1058 1876 1163 1947 Bruc-

181 2013 272 2066 teros
298 1991 357 2066 sua
377 2013 526 2082 urentes,
554 1995 719 2092 expeditis
746 2021 828 2069 cum
862 2021 969 2068 manu
1001 1998 1048 2068 L.
1071 1997 1163 2069 Ster-
1270 1996 1273 1999 “

180 2112 297 2204 tinius,
322 2113 424 2187 missu
447 2114 650 2188 Germanici
672 2113 779 2207 fudit,
804 2116 964 2215 interque
976 2118 1110 2199 caedem
1130 2123 1165 2190 &

179 2237 335 2331 praedam
372 2233 500 2332 reperit
527 2229 796 2311 undevicesima
830 2237 976 2337 legionis
1010 2239 1164 2336 aquilam
1244 2256 1246 2261 “
1360 2248 1364 2253 ’

180 2382 261 2430 cum
303 2359 398 2431 Varo
432 2357 602 2430 amissam.
673 2359 833 2431 Duorum
857 2358 939 2432 inde
964 2383 1094 2454 agmen
1112 2357 1165 2430 ,ad

180 2476 323 2551 ultimos
348 2479 626 2551 Bru6lerorum:
660 2483 903 2578 quantumque
933 2478 1103 2569 Amisiam
1129 2482 1164 2550 δι

184 2596 366 2695 Luppiam
390 2624 511 2671 amnes
540 2598 644 2689 inter,
678 2599 876 2687 vastatum3
911 2601 1006 2674 haud
1040 2598 1165 2696 procul

183 2719 474 2819 Teutoburgiensi
505 2718 605 2811 saltu,
643 2720 679 2792 in
715 2747 786 2819 quo
819 2721 975 2819 reliquiae
1005 2716 1086 2789 Vari
1115 2717 1164 2787 le-

186 2843 402 2942 gionumque
429 2840 607 2940 insepulta
625 2842 846 2917 dicebantur.

232 2964 333 3034 LXl.
357 2966 501 3034 lorrurt
519 2964 649 3061 cupido
667 2963 835 3037 Caesarem
853 2960 988 3036 invadit
1005 2959 1163 3033 solvendi

182 3079 342 3178 suprema
371 3061 555 3173 militibus,
577 3085 728 3184 ducique
741 3112 751 3170 ;
789 3102 950 3181 permoto
979 3084 1025 3156 ad
1060 3078 1161 3153 mise-

182 3202 356 3275 rationem
389 3191 502 3297 omni,
533 3203 593 3302 qui
622 3207 751 3294 aderat,
791 3205 961 3293 exercitu,
1003 3207 1050 3283 ob
1085 3227 1165 3299 pro-

185 3322 350 3419 pinquos,
376 3316 530 3414 amicos,
550 3325 706 3425 'denique
731 3328 779 3399 ob
808 3323 905 3398 casus
930 3325 1104 3397 bellorum
1130 3329 1164 3396 ὅτ

180 3440 309 3515 sortem
337 3443 534 3531 hominum.
585 3444 763 3518 Praemilso
790 3440 948 3534 Caecinfi,
967 3465 1005 3518 ut
1025 3448 1165 3518 occulta
1256 3500 1258 3505 -
1315 3539 1319 3548 ,

180 3561 329 3638 saltuum
347 3560 561 3656 scrutaretur,
581 3564 773 3664 pontesque
799 3569 832 3638 ἃ
856 3590 1000 3664 aggeres
1017 3565 1165 3640 humido

181 3687 350 3782 paludum
381 3690 416 3758 &
449 3684 630 3761 fallacibus
661 3685 794 3782 campis
824 3684 1032 3783 imponeret,
1069 3686 1165 3771 ince-

181 3804 269 3880 dunt
285 3807 424 3882 maestos
441 3809 551 3899 locos,
570 3805 715 3902 visuque
732 3832 772 3880 ac
790 3809 959 3882 memorial
980 3805 1169 3880 deformes.
1236 3820 1239 3825 '

649 3928 680 4000 E
702 3953 722 4005 2
