2776 4724
1136 336 1160 383 V

226 476 309 550 Post
338 479 401 551 hos
434 477 672 576 principatum
700 494 819 551 tenent
849 477 971 550 Codices
1004 476 1162 568 Vaticani,

179 601 282 694 (nam
312 599 472 695 Lipsrum
491 598 647 696 pluribus
663 597 778 689 usum,
806 624 878 671 non
902 623 988 687 un0‚
1018 620 1058 672 ut
1087 602 1159 673 col-

180 717 266 816 ligas
283 745 328 791 ex
358 744 414 808 eo,
445 721 542 817 quod
559 716 628 791 fere
658 717 839 790 Vaticanum
871 718 1007 796 Codicem
1031 720 1162 809 laudat,

177 857 273 934 patet
289 864 334 912 ex
351 841 492 912 notaad
511 840 651 937 Dialog.
669 841 713 912 de
738 841 799 912 Or.
825 838 899 910 init.
916 865 984 910 nam
1003 826 1163 911 Vaticanis

175 960 305 1049 aberat,
321 958 378 1032 sed
398 986 468 1032 uno
485 985 530 1032 ex
546 959 614 1049 his,
640 956 826 1056 antiquiori
843 957 917 1047 illo,
936 978 975 1031 ut
993 961 1160 1055 appellat,

56 1163 62 1183 Ι
165 1077 371 1178 inprimis)
399 1085 433 1154 &
460 1080 686 1170 Farnefianus3
716 1104 867 1175 quorum
885 1099 1047 1175 excerpta
1070 1080 1162 1176 Lip-

85 1234 87 1237 ·
175 1200 262 1301 sium
279 1200 448 1290 habuiffe,
477 1199 587 1298 iisque
602 1181 762 1297 adjtituria
790 1201 857 1273 effe
880 1200 915 1273 in
941 1201 1162 1274 emendando

176 1318 316 1409 Tacito,
348 1318 423 1393 satis
451 1318 585 1418 exejus
609 1321 862 1394 commentario
888 1320 1033 1394 constat.
1076 1323 1160 1422 *op-

177 1459 250 1512 tem
269 1465 351 1513 cum
374 1442 525 1515 Grutero
552 1442 616 1536 (ad
644 1440 738 1514 Hist.
755 1443 822 1531 IV,
853 1443 930 1536 86.)
960 1462 999 1514 ut
1025 1441 1162 1538 Lipsro,

176 1559 360 1632 varietates
376 1586 499 1634 omnes
525 1563 650 1633 horum
666 1560 783 1656 Codd.
811 1559 918 1633 etiam
947 1547 1032 1632 vitia
1057 1561 1160 1634 libra·
1241 1564 1244 1569 ’
1278 1586 1280 1588 ·

179 1679 324 1769 riorum,
354 1705 551 1777 excerpere,
582 1687 615 1755 a
634 1681 775 1754 editioni
793 1679 859 1754 suae
875 1678 1064 1779 adjungere
1086 1682 1160 1778 pla-

180 1799 312 1872 cuisset.
362 1801 430 1874 Sed
454 1801 490 1874 id
513 1822 715 1898 temporum
745 1800 890 1904 istorum
918 1801 1065 1876 rationes
1088 1828 1160 1874 non

176 1917 345 2006 ferebant,
367 1941 405 1994 ut
423 1941 501 1994 ante
517 1921 605 1994 dixi.
642 1924 701 1995 Ne
713 1921 864 1995 formam
882 1921 1026 2019 quidem
1042 1924 1159 2000 Codd.

174 2037 393 2138 scripturam,
423 2062 574 2132 atatem,
604 2043 641 2115 in
670 2063 722 2115 tot
750 2041 960 2117 editionibus
987 2041 1160 2139 prodidit,
1188 2095 1190 2100 -

174 2162 273 2258 quod
301 2161 426 2236 merito
443 2162 586 2236 miratur
610 2165 685 2258 Jac.
699 2165 863 2261 Gronov.
888 2162 933 2235 ad
952 2168 1047 2237 Ann.
1064 2166 1095 2253 I,
1128 2191 1159 2237 1„

175 2282 331 2355 Norisius
350 2284 384 2355 in
405 2283 560 2381 Epoehis
589 2286 792 2379 Syro-Mac.
816 2282 902 2356 Diff.
928 2285 991 2358 ΠΙ.
1022 2310 1055 2381 p.
1079 2287 1158 2375 184.

173 2403 229 2475 ed.
247 2401 343 2500 Lips.
360 2423 426 2477 tres
444 2404 560 2477 Codd.
578 2403 694 2477 Vatic:
711 2425 978 2494 commemorat,
1005 2404 1159 2501 primum

176 2520 264 2594 inter
293 2516 485 2597 Urbinates
510 2551 546 2597 n.
566 2530 647 2622 585.
673 2523 865 2600 secundum
895 2532 928 2599 ἃ
957 2526 1094 2600 tertium
1122 2550 1158 2598 n.

180 2648 284 2740 1958.
315 2650 348 2717 ἃ
368 2670 474 2743 3405.
524 2645 579 2720 Hi
596 2647 669 2718 duo
698 2671 741 2718 an
758 2646 960 2720 diverfi'smt
984 2648 1158 2719 aduobus

175 2763 439 2853 recentioribus,
459 2791 549 2864 quos
561 2765 859 2840 Montefalconius
881 2794 917 2839 n.
933 2769 1035 2839 1861.
1055 2768 1158 2868 1864.
1204 2836 1208 2849 f

177 2885 331 2982 adsignat
349 2885 475 2959 nescio
525 2888 591 2960 Sed
608 2888 778 2961 Broterius
800 2890 844 2957 V.
862 2889 904 2958 C.
930 2905 1078 2980 quatuor
1105 2909 1158 2957 re-

177 3001 282 3098 perit,
312 3030 460 3099 quorum
476 3006 726 3103 antiquissimus
754 3007 905 3097 Sec.14.
930 3002 1076 3078 extremi
1105 3004 1157 3076 vi-

173 3123 324 3195 deretur.
374 3122 510 3221 Lipfius
538 3126 641 3221 etiam
669 3128 786 3201 laudat
816 3125 990 3229 interdum
1020 3125 1155 3207 Codicem

174 3242 363 3339 Hispanam,
380 3245 438 3342 qui
452 3243 515 3318 fuit
527 3246 741 3336 Cavarruviae,
755 3246 834 3342 JCti
849 3245 1031 3319 clarissimi.
1056 3246 1157 3319 Idem

174 3363 279 3436 etiam
297 3365 514 3439 mentionem
538 3364 619 3440 facit
637 3369 757 3438 Codicis
773 3368 930 3455 Sambatai,
960 3371 1065 3463 quem
1088 3390 1107 3437 a
1123 3362 1157 3437 se

173 3482 369 3557 consultum
382 3485 469 3559 dicit
485 3484 585 3582 snper
596 3486 715 3583 aliquo
726 3487 819 3576 loc0,
838 3512 920 3567 cum
935 3486 1155 3558 Vindobona

173 3604 268 3693 effet,
283 3606 327 3677 ad
345 3607 399 3678 H.
410 3609 459 3695 ΙΙ,
475 3631 533 3702 23.
563 3607 726 3702 Ceterum
746 3605 904 3677 nondum
919 3604 1101 3703 quisquam
1113 3630 1156 3679 eo

171 3723 217 3799 ad
229 3724 395 3800 Tacitum
406 3726 666 3831 emendandum
679 3723 754 3799 usus
766 3725 834 3809 est:
848 3725 909 3800 nisi
921 3752 1005 3800 vero
1020 3722 1069 3811 est
1087 3724 1157 3823 ipse

636 3870 693 3942 a3
