<?xml version="1.0" encoding="UTF-8"?>
<!DOCTYPE html PUBLIC "-//W3C//DTD XHTML 1.0 Transitional//EN"
    "http://www.w3.org/TR/xhtml1/DTD/xhtml1-transitional.dtd">
<html xmlns="http://www.w3.org/1999/xhtml" xml:lang="en" lang="en">
 <head>
  <title>
</title>
<meta http-equiv="Content-Type" content="text/html;charset=utf-8" />
  <meta name='ocr-system' content='tesseract 3.04.00' />
  <meta name='ocr-capabilities' content='ocr_page ocr_carea ocr_par ocr_line ocrx_word'/>
</head>
<body>
  <div class='ocr_page' id='page_1' title='image "./ccorneliitaciti00freigoog_0066.png"; bbox 0 0 2738 4710; ppageno 0'>
   <div class='ocr_carea' id='block_1_1' title="bbox 370 327 1136 432">
    <p class='ocr_par' dir='ltr' id='par_1_1' title="bbox 370 327 1136 432">
     <span class='ocr_line' id='line_1_1' title="bbox 370 327 1136 432; baseline -0.008 -28"><span class='ocrx_word' id='word_1_1' title='bbox 370 327 925 404; x_wconf 69' lang='lat' dir='ltr'>AnunmurrLrnl.</span> <span class='ocrx_word' id='word_1_2' title='bbox 1095 358 1136 432; x_wconf 84' lang='lat'>15</span> 
     </span>
    </p>
   </div>
   <div class='ocr_carea' id='block_1_2' title="bbox 58 510 1230 3893">
    <p class='ocr_par' dir='ltr' id='par_1_2' title="bbox 141 510 1141 1691">
     <span class='ocr_line' id='line_1_2' title="bbox 141 510 1141 639; baseline 0.004 -37"><span class='ocrx_word' id='word_1_3' title='bbox 141 537 182 580; x_wconf 77' lang='lat'>⁴‘</span> <span class='ocrx_word' id='word_1_4' title='bbox 208 527 267 602; x_wconf 85' lang='lat' dir='ltr'>sed</span> <span class='ocrx_word' id='word_1_5' title='bbox 295 545 334 599; x_wconf 91' lang='lat' dir='ltr'>ut</span> <span class='ocrx_word' id='word_1_6' title='bbox 359 525 419 639; x_wconf 70' lang='lat' dir='ltr'>spa</span> <span class='ocrx_word' id='word_1_7' title='bbox 445 525 655 601; x_wconf 86' lang='lat' dir='ltr'>conseffione</span> <span class='ocrx_word' id='word_1_8' title='bbox 681 510 893 625; x_wconf 85' lang='lat' dir='ltr'>argueretui,</span> <span class='ocrx_word' id='word_1_9' title='bbox 928 551 1039 600; x_wconf 91' lang='lat' dir='ltr'>unum</span> <span class='ocrx_word' id='word_1_10' title='bbox 1073 533 1141 606; x_wconf 81' lang='lat' dir='ltr'>esse</span> 
     </span>
     <span class='ocr_line' id='line_1_3' title="bbox 146 646 1137 747; baseline 0 -25"><span class='ocrx_word' id='word_1_11' title='bbox 146 658 181 696; x_wconf 91' lang='lat'><strong>“</strong></span> <span class='ocrx_word' id='word_1_12' title='bbox 208 647 409 746; x_wconf 80' lang='lat' dir='ltr'>reipublicae</span> <span class='ocrx_word' id='word_1_13' title='bbox 438 673 579 745; x_wconf 91' lang='lat' dir='ltr'>corpus,</span> <span class='ocrx_word' id='word_1_14' title='bbox 607 669 714 745; x_wconf 90' lang='lat' dir='ltr'>atque</span> <span class='ocrx_word' id='word_1_15' title='bbox 738 647 840 719; x_wconf 93' lang='lat' dir='ltr'>unius</span> <span class='ocrx_word' id='word_1_16' title='bbox 869 646 987 720; x_wconf 86' lang='lat' dir='ltr'>animo</span> <span class='ocrx_word' id='word_1_17' title='bbox 1014 673 1137 747; x_wconf 87' lang='lat' dir='ltr'>regen-</span> 
     </span>
     <span class='ocr_line' id='line_1_4' title="bbox 146 767 1137 866; baseline -0.001 -22"><span class='ocrx_word' id='word_1_18' title='bbox 146 781 180 818; x_wconf 89' lang='lat'>“</span> <span class='ocrx_word' id='word_1_19' title='bbox 207 772 334 845; x_wconf 89' lang='lat' dir='ltr'>dum.&#39;’</span> <span class='ocrx_word' id='word_1_20' title='bbox 384 769 537 843; x_wconf 90' lang='lat' dir='ltr'>Addidit</span> <span class='ocrx_word' id='word_1_21' title='bbox 570 770 710 844; x_wconf 85' lang='lat' dir='ltr'>laudem</span> <span class='ocrx_word' id='word_1_22' title='bbox 727 769 772 841; x_wconf 91' lang='lat' dir='ltr'>de</span> <span class='ocrx_word' id='word_1_23' title='bbox 790 767 962 866; x_wconf 86' lang='lat' dir='ltr'>August0,</span> <span class='ocrx_word' id='word_1_24' title='bbox 998 768 1137 843; x_wconf 88' lang='lat' dir='ltr'>Tiberi-</span> 
     </span>
     <span class='ocr_line' id='line_1_5' title="bbox 144 888 1137 993; baseline -0.006 -24"><span class='ocrx_word' id='word_1_25' title='bbox 144 918 287 992; x_wconf 89' lang='lat' dir='ltr'>umque</span> <span class='ocrx_word' id='word_1_26' title='bbox 324 889 437 990; x_wconf 91' lang='lat' dir='ltr'>ipsum</span> <span class='ocrx_word' id='word_1_27' title='bbox 467 889 690 993; x_wconf 63' lang='lat' dir='ltr'>nistoriarum</span> <span class='ocrx_word' id='word_1_28' title='bbox 724 888 874 977; x_wconf 89' lang='lat' dir='ltr'>suarum,</span> <span class='ocrx_word' id='word_1_29' title='bbox 914 912 1067 986; x_wconf 67' lang='lat' dir='ltr'>‚quaeque</span> <span class='ocrx_word' id='word_1_30' title='bbox 1100 890 1137 964; x_wconf 92' lang='lat' dir='ltr'>in</span> 
     </span>
     <span class='ocr_line' id='line_1_6' title="bbox 143 1007 1138 1114; baseline -0.003 -26"><span class='ocrx_word' id='word_1_31' title='bbox 143 1018 236 1114; x_wconf 69' lang='lat' dir='ltr'>togd</span> <span class='ocrx_word' id='word_1_32' title='bbox 254 1039 314 1111; x_wconf 88' lang='lat' dir='ltr'>per</span> <span class='ocrx_word' id='word_1_33' title='bbox 329 1033 382 1085; x_wconf 89' lang='lat' dir='ltr'>tot</span> <span class='ocrx_word' id='word_1_34' title='bbox 393 1037 501 1094; x_wconf 85' lang='lat' dir='ltr'>annos</span> <span class='ocrx_word' id='word_1_35' title='bbox 513 1009 654 1109; x_wconf 70' lang='lat' dir='ltr'>egregie</span> <span class='ocrx_word' id='word_1_36' title='bbox 670 1007 815 1099; x_wconf 75' lang='lat' dir='ltr'><strong>fecisset,</strong></span> <span class='ocrx_word' id='word_1_37' title='bbox 829 1008 1023 1082; x_wconf 73' lang='lat' dir='ltr'>admonuit.</span> <span class='ocrx_word' id='word_1_38' title='bbox 1056 1010 1095 1084; x_wconf 96' lang='lat' dir='ltr'>N</span> <span class='ocrx_word' id='word_1_39' title='bbox 1096 1037 1138 1085; x_wconf 88' lang='lat' dir='ltr'>ec</span> 
     </span>
     <span class='ocr_line' id='line_1_7' title="bbox 149 1127 1135 1231; baseline -0.005 -22"><span class='ocrx_word' id='word_1_40' title='bbox 149 1135 235 1209; x_wconf 89' lang='lat' dir='ltr'>ideo</span> <span class='ocrx_word' id='word_1_41' title='bbox 252 1134 339 1208; x_wconf 88' lang='lat' dir='ltr'>itam</span> <span class='ocrx_word' id='word_1_42' title='bbox 371 1131 443 1231; x_wconf 87' lang='lat' dir='ltr'>ejus</span> <span class='ocrx_word' id='word_1_43' title='bbox 470 1131 607 1220; x_wconf 83' lang='lat' dir='ltr'>lenivit,</span> <span class='ocrx_word' id='word_1_44' title='bbox 632 1131 768 1228; x_wconf 88' lang='lat' dir='ltr'>pridem</span> <span class='ocrx_word' id='word_1_45' title='bbox 785 1127 926 1217; x_wconf 88' lang='lat' dir='ltr'>invisus,</span> <span class='ocrx_word' id='word_1_46' title='bbox 953 1149 1135 1229; x_wconf 84' lang='lat' dir='ltr'><strong>tamquam</strong></span> 
     </span>
     <span class='ocr_line' id='line_1_8' title="bbox 146 1248 1136 1349; baseline -0.005 -19"><span class='ocrx_word' id='word_1_47' title='bbox 146 1258 261 1330; x_wconf 67' lang='lat' dir='ltr'>duct:</span> <span class='ocrx_word' id='word_1_48' title='bbox 296 1255 332 1328; x_wconf 94' lang='lat' dir='ltr'>in</span> <span class='ocrx_word' id='word_1_49' title='bbox 365 1253 628 1327; x_wconf 82' lang='lat' dir='ltr'>matrimonium</span> <span class='ocrx_word' id='word_1_50' title='bbox 660 1248 834 1348; x_wconf 74' lang='lat' dir='ltr'>Vipsanid,</span> <span class='ocrx_word' id='word_1_51' title='bbox 873 1252 930 1324; x_wconf 85' lang='lat' dir='ltr'>M.</span> <span class='ocrx_word' id='word_1_52' title='bbox 967 1251 1136 1349; x_wconf 83' lang='lat' dir='ltr'>Agrippae</span> 
     </span>
     <span class='ocr_line' id='line_1_9' title="bbox 151 1369 1138 1470; baseline -0.004 -22"><span class='ocrx_word' id='word_1_53' title='bbox 151 1375 245 1466; x_wconf 73' lang='lat' dir='ltr'>filis,</span> <span class='ocrx_word' id='word_1_54' title='bbox 274 1402 352 1470; x_wconf 81' lang='lat' dir='ltr'>quae</span> <span class='ocrx_word' id='word_1_55' title='bbox 379 1376 558 1469; x_wconf 88' lang='lat' dir='ltr'>quondam</span> <span class='ocrx_word' id='word_1_56' title='bbox 584 1370 720 1446; x_wconf 92' lang='lat' dir='ltr'>Tiberii</span> <span class='ocrx_word' id='word_1_57' title='bbox 764 1398 855 1444; x_wconf 88' lang='lat' dir='ltr'>uxor</span> <span class='ocrx_word' id='word_1_58' title='bbox 888 1369 1010 1460; x_wconf 86' lang='lat' dir='ltr'>fuerat,</span> <span class='ocrx_word' id='word_1_59' title='bbox 1045 1371 1138 1468; x_wconf 87' lang='lat' dir='ltr'>plus-</span> 
     </span>
     <span class='ocr_line' id='line_1_10' title="bbox 152 1490 1136 1594; baseline -0.002 -27"><span class='ocrx_word' id='word_1_60' title='bbox 152 1519 270 1594; x_wconf 87' lang='lat' dir='ltr'>quam</span> <span class='ocrx_word' id='word_1_61' title='bbox 286 1492 403 1566; x_wconf 82' lang='lat' dir='ltr'>civilia</span> <span class='ocrx_word' id='word_1_62' title='bbox 418 1493 574 1591; x_wconf 85' lang='lat' dir='ltr'>agitaret,</span> <span class='ocrx_word' id='word_1_63' title='bbox 595 1490 832 1590; x_wconf 86' lang='lat' dir='ltr'>Pollionisque</span> <span class='ocrx_word' id='word_1_64' title='bbox 863 1491 989 1581; x_wconf 81' lang='lat' dir='ltr'>Asinii,</span> <span class='ocrx_word' id='word_1_65' title='bbox 1017 1493 1136 1590; x_wconf 89' lang='lat' dir='ltr'>patris,</span> 
     </span>
     <span class='ocr_line' id='line_1_11' title="bbox 150 1613 516 1691; baseline -0.014 0"><span class='ocrx_word' id='word_1_66' title='bbox 150 1614 324 1691; x_wconf 82' lang='lat' dir='ltr'>ferociam</span> <span class='ocrx_word' id='word_1_67' title='bbox 346 1613 516 1688; x_wconf 89' lang='lat' dir='ltr'>retineret.</span> 
     </span>
    </p>

    <p class='ocr_par' dir='ltr' id='par_1_3' title="bbox 58 1735 1230 3893">
     <span class='ocr_line' id='line_1_12' title="bbox 206 1735 1140 1828; baseline 0 -19"><span class='ocrx_word' id='word_1_68' title='bbox 206 1737 308 1809; x_wconf 92' lang='lat' dir='ltr'><strong>XIII.</strong></span> <span class='ocrx_word' id='word_1_69' title='bbox 333 1738 433 1809; x_wconf 84' lang='lat' dir='ltr'>Posr</span> <span class='ocrx_word' id='word_1_70' title='bbox 461 1762 552 1823; x_wconf 72' lang='lat' dir='ltr'>oon</span> <span class='ocrx_word' id='word_1_71' title='bbox 578 1739 624 1810; x_wconf 88' lang='lat' dir='ltr'>L.</span> <span class='ocrx_word' id='word_1_72' title='bbox 642 1736 844 1828; x_wconf 81' lang='lat' dir='ltr'>Arruntius,</span> <span class='ocrx_word' id='word_1_73' title='bbox 869 1736 963 1809; x_wconf 89' lang='lat' dir='ltr'>haud</span> <span class='ocrx_word' id='word_1_74' title='bbox 985 1735 1140 1809; x_wconf 76' lang='lat' dir='ltr'>multum</span> 
     </span>
     <span class='ocr_line' id='line_1_13' title="bbox 152 1839 1201 1956; baseline -0.004 -25"><span class='ocrx_word' id='word_1_75' title='bbox 152 1855 354 1955; x_wconf 84' lang='lat' dir='ltr'>discrepans</span> <span class='ocrx_word' id='word_1_76' title='bbox 396 1883 416 1930; x_wconf 87' lang='lat' dir='ltr'>a</span> <span class='ocrx_word' id='word_1_77' title='bbox 458 1858 551 1931; x_wconf 89' lang='lat' dir='ltr'>Galli</span> <span class='ocrx_word' id='word_1_78' title='bbox 590 1859 757 1949; x_wconf 84' lang='lat' dir='ltr'>oratione,</span> <span class='ocrx_word' id='word_1_79' title='bbox 796 1857 938 1956; x_wconf 86' lang='lat' dir='ltr'>perinde</span> <span class='ocrx_word' id='word_1_80' title='bbox 978 1855 1138 1929; x_wconf 87' lang='lat' dir='ltr'>offendit.</span> <span class='ocrx_word' id='word_1_81' title='bbox 1196 1839 1201 1855; x_wconf 81' lang='grc'><strong>’</strong></span> 
     </span>
     <span class='ocr_line' id='line_1_14' title="bbox 152 1975 1135 2079; baseline 0.001 -29"><span class='ocrx_word' id='word_1_82' title='bbox 152 1982 384 2075; x_wconf 78' lang='lat' dir='ltr'>Qnmquam</span> <span class='ocrx_word' id='word_1_83' title='bbox 403 1977 545 2053; x_wconf 87' lang='lat' dir='ltr'>Tiberio</span> <span class='ocrx_word' id='word_1_84' title='bbox 557 1982 655 2053; x_wconf 86' lang='lat' dir='ltr'>nulla</span> <span class='ocrx_word' id='word_1_85' title='bbox 671 2001 770 2079; x_wconf 81' lang='lat' dir='ltr'>vetus</span> <span class='ocrx_word' id='word_1_86' title='bbox 788 1979 824 2052; x_wconf 94' lang='lat' dir='ltr'>in</span> <span class='ocrx_word' id='word_1_87' title='bbox 842 1976 1048 2053; x_wconf 84' lang='lat' dir='ltr'>Anuntium</span> <span class='ocrx_word' id='word_1_88' title='bbox 1066 1975 1135 2051; x_wconf 89' lang='lat' dir='ltr'>ira:</span> 
     </span>
     <span class='ocr_line' id='line_1_15' title="bbox 152 2096 1138 2200; baseline 0.002 -29"><span class='ocrx_word' id='word_1_89' title='bbox 152 2096 212 2172; x_wconf 82' lang='lat' dir='ltr'>sed</span> <span class='ocrx_word' id='word_1_90' title='bbox 228 2097 390 2190; x_wconf 88' lang='lat' dir='ltr'>divitem,</span> <span class='ocrx_word' id='word_1_91' title='bbox 418 2122 638 2198; x_wconf 89' lang='lat' dir='ltr'>promptum,</span> <span class='ocrx_word' id='word_1_92' title='bbox 664 2100 794 2175; x_wconf 85' lang='lat' dir='ltr'>artibus</span> <span class='ocrx_word' id='word_1_93' title='bbox 811 2098 972 2200; x_wconf 85' lang='lat' dir='ltr'>egregiis,</span> <span class='ocrx_word' id='word_1_94' title='bbox 993 2103 1032 2200; x_wconf 47' lang='grc' dir='ltr'>,δι</span> <span class='ocrx_word' id='word_1_95' title='bbox 1065 2099 1138 2196; x_wconf 90' lang='lat' dir='ltr'>pari</span> 
     </span>
     <span class='ocr_line' id='line_1_16' title="bbox 151 2218 1162 2321; baseline -0.001 -27"><span class='ocrx_word' id='word_1_96' title='bbox 151 2218 246 2294; x_wconf 70' lang='lat' dir='ltr'>sams</span> <span class='ocrx_word' id='word_1_97' title='bbox 262 2220 420 2318; x_wconf 69' lang='lat' dir='ltr'>publice,</span> <span class='ocrx_word' id='word_1_98' title='bbox 442 2219 670 2319; x_wconf 70' lang='lat' dir='ltr'>suspedtabat.</span> <span class='ocrx_word' id='word_1_99' title='bbox 720 2221 864 2321; x_wconf 80' lang='lat' dir='ltr'>Qippe</span> <span class='ocrx_word' id='word_1_100' title='bbox 882 2220 1062 2320; x_wconf 84' lang='lat' dir='ltr'>Augustus</span> <span class='ocrx_word' id='word_1_101' title='bbox 1082 2219 1138 2294; x_wconf 90' lang='lat' dir='ltr'>su·</span> <span class='ocrx_word' id='word_1_102' title='bbox 1158 2282 1162 2286; x_wconf 94' lang='lat'>.</span> 
     </span>
     <span class='ocr_line' id='line_1_17' title="bbox 152 2339 1138 2440; baseline 0.001 -25"><span class='ocrx_word' id='word_1_103' title='bbox 152 2341 283 2440; x_wconf 90' lang='lat' dir='ltr'>premis</span> <span class='ocrx_word' id='word_1_104' title='bbox 300 2339 516 2415; x_wconf 79' lang='lat' dir='ltr'>sermonibus</span> <span class='ocrx_word' id='word_1_105' title='bbox 533 2343 617 2416; x_wconf 74' lang='lat' dir='ltr'>cum</span> <span class='ocrx_word' id='word_1_106' title='bbox 633 2340 972 2440; x_wconf 54' lang='lat' dir='ltr'>traciaret,*quinani</span> <span class='ocrx_word' id='word_1_107' title='bbox 994 2340 1138 2437; x_wconf 76' lang='lat' dir='ltr'>adipisci</span> 
     </span>
     <span class='ocr_line' id='line_1_18' title="bbox 58 2460 1161 2560; baseline 0.005 -26"><span class='ocrx_word' id='word_1_108' title='bbox 58 2510 61 2515; x_wconf 67' lang='grc'><strong><em>»</em></strong></span> <span class='ocrx_word' id='word_1_109' title='bbox 153 2461 348 2559; x_wconf 91' lang='lat' dir='ltr'>principem</span> <span class='ocrx_word' id='word_1_110' title='bbox 365 2465 484 2537; x_wconf 89' lang='lat' dir='ltr'>locum</span> <span class='ocrx_word' id='word_1_111' title='bbox 501 2460 675 2536; x_wconf 69' lang='lat' dir='ltr'>suffesturi</span> <span class='ocrx_word' id='word_1_112' title='bbox 692 2462 895 2555; x_wconf 81' lang='lat' dir='ltr'>abnuerent,</span> <span class='ocrx_word' id='word_1_113' title='bbox 914 2483 974 2536; x_wconf 79' lang='lat' dir='ltr'>aut</span> <span class='ocrx_word' id='word_1_114' title='bbox 991 2461 1139 2560; x_wconf 86' lang='lat' dir='ltr'>impares</span> <span class='ocrx_word' id='word_1_115' title='bbox 1158 2470 1161 2474; x_wconf 84' lang='grc'>’</span> 
     </span>
     <span class='ocr_line' id='line_1_19' title="bbox 154 2582 1230 2682; baseline 0.005 -28"><span class='ocrx_word' id='word_1_116' title='bbox 154 2582 302 2673; x_wconf 87' lang='lat' dir='ltr'>vellent,</span> <span class='ocrx_word' id='word_1_117' title='bbox 314 2584 371 2655; x_wconf 90' lang='lat' dir='ltr'>vel</span> <span class='ocrx_word' id='word_1_118' title='bbox 384 2582 491 2657; x_wconf 89' lang='lat' dir='ltr'>iidem</span> <span class='ocrx_word' id='word_1_119' title='bbox 510 2585 647 2682; x_wconf 87' lang='lat' dir='ltr'>possent</span> <span class='ocrx_word' id='word_1_120' title='bbox 663 2607 923 2682; x_wconf 85' lang='lat' dir='ltr'>cuperentque:</span> <span class='ocrx_word' id='word_1_121' title='bbox 953 2591 979 2627; x_wconf 89' lang='lat'><strong>“</strong></span> <span class='ocrx_word' id='word_1_122' title='bbox 992 2587 1049 2659; x_wconf 88' lang='grc' dir='ltr'>Μ.</span> <span class='ocrx_word' id='word_1_123' title='bbox 1066 2586 1139 2658; x_wconf 87' lang='lat' dir='ltr'>Le·</span> <span class='ocrx_word' id='word_1_124' title='bbox 1228 2618 1230 2620; x_wconf 86' lang='lat'>·</span> 
     </span>
     <span class='ocr_line' id='line_1_20' title="bbox 155 2701 1136 2803; baseline 0.001 -28"><span class='ocrx_word' id='word_1_125' title='bbox 155 2709 188 2746; x_wconf 77' lang='lat'>‘⁴</span> <span class='ocrx_word' id='word_1_126' title='bbox 212 2701 362 2801; x_wconf 89' lang='lat' dir='ltr'>pidum’&#39;</span> <span class='ocrx_word' id='word_1_127' title='bbox 385 2704 523 2779; x_wconf 87' lang='lat' dir='ltr'>dixerat</span> <span class='ocrx_word' id='word_1_128' title='bbox 549 2712 576 2748; x_wconf 91' lang='lat'><strong>“</strong></span> <span class='ocrx_word' id='word_1_129' title='bbox 595 2730 774 2802; x_wconf 88' lang='lat' dir='ltr'>capacem,</span> <span class='ocrx_word' id='word_1_130' title='bbox 798 2705 855 2779; x_wconf 92' lang='lat' dir='ltr'>sed</span> <span class='ocrx_word' id='word_1_131' title='bbox 872 2704 1136 2803; x_wconf 79' lang='lat' dir='ltr'>aspernantem:</span> 
     </span>
     <span class='ocr_line' id='line_1_21' title="bbox 153 2825 1139 2917; baseline -0.002 -18"><span class='ocrx_word' id='word_1_132' title='bbox 153 2827 355 2901; x_wconf 85' lang='lat' dir='ltr'>“Gallum</span> <span class='ocrx_word' id='word_1_133' title='bbox 386 2827 562 2917; x_wconf 82' lang='lat' dir='ltr'>Asinium,</span> <span class='ocrx_word' id='word_1_134' title='bbox 596 2825 756 2915; x_wconf 88' lang='lat' dir='ltr'>avidum,</span> <span class='ocrx_word' id='word_1_135' title='bbox 791 2845 826 2897; x_wconf 88' lang='lat' dir='ltr'>at</span> <span class='ocrx_word' id='word_1_136' title='bbox 854 2825 1050 2898; x_wconf 88' lang='lat' dir='ltr'>minorem:</span> <span class='ocrx_word' id='word_1_137' title='bbox 1091 2826 1139 2897; x_wconf 92' lang='lat' dir='ltr'>L.</span> 
     </span>
     <span class='ocr_line' id='line_1_22' title="bbox 155 2942 1139 3046; baseline -0.001 -30"><span class='ocrx_word' id='word_1_138' title='bbox 155 2950 187 2989; x_wconf 90' lang='lat'><strong>“</strong></span> <span class='ocrx_word' id='word_1_139' title='bbox 216 2946 436 3035; x_wconf 89' lang='lat' dir='ltr'>Arruntium,</span> <span class='ocrx_word' id='word_1_140' title='bbox 459 2974 530 3020; x_wconf 93' lang='lat' dir='ltr'>non</span> <span class='ocrx_word' id='word_1_141' title='bbox 548 2947 749 3046; x_wconf 84' lang='lat' dir='ltr'>indignum,</span> <span class='ocrx_word' id='word_1_142' title='bbox 769 2949 816 3034; x_wconf 91' lang='lat'>&amp;,</span> <span class='ocrx_word' id='word_1_143' title='bbox 836 2948 859 3019; x_wconf 87' lang='lat' dir='ltr'>fi</span> <span class='ocrx_word' id='word_1_144' title='bbox 876 2942 971 3018; x_wconf 86' lang='lat' dir='ltr'>casus</span> <span class='ocrx_word' id='word_1_145' title='bbox 988 2944 1139 3035; x_wconf 87' lang='lat' dir='ltr'>daretur,</span> 
     </span>
     <span class='ocr_line' id='line_1_23' title="bbox 155 3062 1139 3162; baseline 0 -26"><span class='ocrx_word' id='word_1_146' title='bbox 155 3070 188 3108; x_wconf 89' lang='lat'><strong>“</strong></span> <span class='ocrx_word' id='word_1_147' title='bbox 213 3062 413 3137; x_wconf 86' lang='lat' dir='ltr'>ausurum.”</span> <span class='ocrx_word' id='word_1_148' title='bbox 462 3067 519 3137; x_wconf 88' lang='lat' dir='ltr'>De</span> <span class='ocrx_word' id='word_1_149' title='bbox 537 3067 705 3162; x_wconf 87' lang='lat' dir='ltr'>prioribus</span> <span class='ocrx_word' id='word_1_150' title='bbox 722 3064 944 3141; x_wconf 90' lang='lat' dir='ltr'>consentitur.</span> <span class='ocrx_word' id='word_1_151' title='bbox 986 3063 1054 3137; x_wconf 91' lang='lat' dir='ltr'>Pro</span> <span class='ocrx_word' id='word_1_152' title='bbox 1071 3071 1139 3136; x_wconf 91' lang='lat' dir='ltr'>Ar-</span> 
     </span>
     <span class='ocr_line' id='line_1_24' title="bbox 151 3171 1141 3282; baseline -0.002 -22"><span class='ocrx_word' id='word_1_153' title='bbox 151 3183 271 3260; x_wconf 89' lang='lat' dir='ltr'>runtio</span> <span class='ocrx_word' id='word_1_154' title='bbox 294 3183 441 3282; x_wconf 86' lang='lat' dir='ltr'>quidam</span> <span class='ocrx_word' id='word_1_155' title='bbox 458 3186 524 3259; x_wconf 90' lang='lat' dir='ltr'>Cn.</span> <span class='ocrx_word' id='word_1_156' title='bbox 546 3171 704 3262; x_wconf 89' lang='lat' dir='ltr'>Pisonein</span> <span class='ocrx_word' id='word_1_157' title='bbox 721 3186 914 3275; x_wconf 69' lang='lat' dir='ltr'>tradidere:</span> <span class='ocrx_word' id='word_1_158' title='bbox 950 3181 1141 3281; x_wconf 91' lang='lat' dir='ltr'>omnesque</span> 
     </span>
     <span class='ocr_line' id='line_1_25' title="bbox 152 3301 1140 3404; baseline 0.001 -26"><span class='ocrx_word' id='word_1_159' title='bbox 152 3301 278 3404; x_wconf 81' lang='lat' dir='ltr'>praeter</span> <span class='ocrx_word' id='word_1_160' title='bbox 294 3304 489 3403; x_wconf 88' lang='lat' dir='ltr'>Lepidum,</span> <span class='ocrx_word' id='word_1_161' title='bbox 517 3309 619 3383; x_wconf 88' lang='lat' dir='ltr'>variis</span> <span class='ocrx_word' id='word_1_162' title='bbox 645 3334 733 3384; x_wconf 84' lang='lat' dir='ltr'>mox</span> <span class='ocrx_word' id='word_1_163' title='bbox 750 3307 968 3397; x_wconf 89' lang='lat' dir='ltr'>criminibus,</span> <span class='ocrx_word' id='word_1_164' title='bbox 991 3304 1140 3379; x_wconf 85' lang='lat' dir='ltr'>struente</span> 
     </span>
     <span class='ocr_line' id='line_1_26' title="bbox 153 3426 1139 3526; baseline 0 -26"><span class='ocrx_word' id='word_1_165' title='bbox 153 3426 315 3518; x_wconf 90' lang='lat' dir='ltr'>Tiberi0,</span> <span class='ocrx_word' id='word_1_166' title='bbox 340 3427 569 3503; x_wconf 87' lang='lat' dir='ltr'>circumventi</span> <span class='ocrx_word' id='word_1_167' title='bbox 595 3429 685 3504; x_wconf 90' lang='lat' dir='ltr'>sunt.</span> <span class='ocrx_word' id='word_1_168' title='bbox 738 3429 857 3503; x_wconf 88' lang='lat' dir='ltr'>Etiam</span> <span class='ocrx_word' id='word_1_169' title='bbox 883 3432 940 3526; x_wconf 75' lang='lat' dir='ltr'>Q</span> <span class='ocrx_word' id='word_1_170' title='bbox 958 3426 1139 3518; x_wconf 88' lang='lat' dir='ltr'>Haterius,</span> 
     </span>
     <span class='ocr_line' id='line_1_27' title="bbox 153 3548 1140 3648; baseline -0.006 -22"><span class='ocrx_word' id='word_1_171' title='bbox 153 3551 418 3626; x_wconf 84' lang='lat' dir='ltr'>&amp;Mamercus</span> <span class='ocrx_word' id='word_1_172' title='bbox 444 3550 605 3640; x_wconf 88' lang='lat' dir='ltr'>Scaurus,</span> <span class='ocrx_word' id='word_1_173' title='bbox 639 3549 848 3648; x_wconf 89' lang='lat' dir='ltr'>suspicacem</span> <span class='ocrx_word' id='word_1_174' title='bbox 875 3548 1033 3622; x_wconf 88' lang='lat' dir='ltr'>animum</span> <span class='ocrx_word' id='word_1_175' title='bbox 1063 3574 1140 3645; x_wconf 92' lang='lat' dir='ltr'>per-</span> 
     </span>
     <span class='ocr_line' id='line_1_28' title="bbox 151 3656 1139 3769; baseline -0.004 -26"><span class='ocrx_word' id='word_1_176' title='bbox 151 3656 336 3767; x_wconf 68' lang='lat' dir='ltr'>strinxere:</span> <span class='ocrx_word' id='word_1_177' title='bbox 363 3669 531 3751; x_wconf 88' lang='lat' dir='ltr'>Haterius</span> <span class='ocrx_word' id='word_1_178' title='bbox 548 3672 631 3744; x_wconf 78' lang='lat' dir='ltr'>cbm</span> <span class='ocrx_word' id='word_1_179' title='bbox 648 3670 803 3759; x_wconf 86' lang='lat' dir='ltr'>dixisset,</span> <span class='ocrx_word' id='word_1_180' title='bbox 829 3677 856 3712; x_wconf 92' lang='lat'><strong>“</strong></span> <span class='ocrx_word' id='word_1_181' title='bbox 868 3668 1061 3769; x_wconf 81' lang='lat' dir='ltr'>Qousque</span> <span class='ocrx_word' id='word_1_182' title='bbox 1078 3694 1139 3765; x_wconf 86' lang='lat' dir='ltr'>pa·</span> 
     </span>
     <span class='ocr_line' id='line_1_29' title="bbox 152 3788 1139 3893; baseline -0.013 -20"><span class='ocrx_word' id='word_1_183' title='bbox 152 3798 179 3839; x_wconf 89' lang='lat'>“</span> <span class='ocrx_word' id='word_1_184' title='bbox 196 3791 312 3893; x_wconf 66' lang='lat' dir='ltr'>tiens,</span> <span class='ocrx_word' id='word_1_185' title='bbox 341 3788 469 3885; x_wconf 82' lang='lat' dir='ltr'>Caesar,</span> <span class='ocrx_word' id='word_1_186' title='bbox 504 3816 577 3867; x_wconf 91' lang='lat' dir='ltr'>non</span> <span class='ocrx_word' id='word_1_187' title='bbox 603 3791 716 3871; x_wconf 81' lang='lat' dir='ltr'>adesse</span> <span class='ocrx_word' id='word_1_188' title='bbox 742 3811 852 3892; x_wconf 83' lang='lat' dir='ltr'>caput</span> <span class='ocrx_word' id='word_1_189' title='bbox 883 3788 1083 3890; x_wconf 85' lang='lat' dir='ltr'>reipublicae</span> <span class='ocrx_word' id='word_1_190' title='bbox 1100 3788 1139 3860; x_wconf 88' lang='lat'>?&#39;&#39;</span> 
     </span>
    </p>
   </div>
   <div class='ocr_carea' id='block_1_3' title="bbox 0 0 1381 4710">
    <p class='ocr_par' dir='ltr' id='par_1_4' title="bbox 0 0 1381 4710">
     <span class='ocr_line' id='line_1_30' title="bbox 0 0 1381 4710; baseline 0 0"><span class='ocrx_word' id='word_1_191' title='bbox 0 0 1381 4710; x_wconf 95' lang='lat' dir='ltr'> </span> 
     </span>
    </p>
   </div>
  </div>
 </body>
</html>
