2760 4718
321 346 619 422 Artntarutu
661 344 773 415 Lra.
814 341 878 412 tv.
1017 366 1085 444 237
1145 339 1151 355 ‘

44 600 46 607 A
113 520 322 621 suggressus,
348 518 443 591 haud
469 542 564 617 aegre
593 514 740 616 pepulit,
775 512 942 614 sanguine
966 517 1091 590 barba,

110 665 228 715 rorum
265 638 419 729 modico,
456 642 506 713 ob
539 639 736 737 propinqua
777 633 964 732 suffugia.
997 639 1092 712 Mox

112 761 225 836 castris
241 759 286 833 in
295 761 375 834 loco
392 758 633 848 communitis,
659 757 776 832 valida
801 781 907 829 manu
925 739 1093 832 'montem

111 899 273 979 occupat,
290 880 493 980 angustum,
508 884 542 952 δι
559 877 686 976 aequali
702 874 803 951 dorso
816 876 1023 952 continuum
1038 878 1092 953 us-
1120 874 1126 879 ‘

110 1027 181 1101 que
205 998 251 1075 ad
286 1001 494 1099 proximum
523 997 717 1088 castellum,
756 998 853 1096 quod
880 1023 1008 1097 magna
1039 977 1093 1076 vis

112 1143 257 1213 armata,
283 1143 343 1195 aut
360 1120 553 1210 incondita,
578 1122 760 1194 tuebatur:
789 1120 888 1192 simul
905 1118 942 1192 in
959 1119 1096 1195 ferocis·
1154 1176 1156 1180 -
1218 1146 1221 1151 ·

115 1247 232 1334 simos,
259 1241 320 1340 qui
336 1261 414 1315 ante
431 1241 566 1314 vallum
589 1266 688 1313 more
705 1238 817 1340 gentis
833 1265 916 1314 cum
931 1242 1094 1315 carmini-

116 1366 184 1442 bus
201 1368 235 1436 δι
254 1361 415 1459 tripudiis
432 1360 677 1459 persultabant,
703 1359 810 1433 mittit
827 1362 979 1436 delectos
990 1363 1097 1463 sagit«

115 1482 293 1557 tariorum.
342 1481 371 1554 li
399 1481 486 1555 dum
508 1482 643 1557 etninus
660 1484 907 1580 grassabantur,
926 1487 1045 1559 crebra
1061 1492 1095 1561 ὃε

117 1605 229 1678 inulta
256 1604 401 1677 vulnera
428 1600 564 1688 fecere3
592 1602 735 1701 propius
757 1602 968 1696 incedentes,
995 1632 1095 1704 erup-

116 1725 211 1799 tione
232 1724 342 1798 subita
365 1722 495 1797 turbati
523 1722 614 1812 sunt,
640 1722 838 1822 receptique
856 1724 1004 1799 subsidio
1032 1729 1096 1800 Su-

5 1856 8 1867 ‘
120 1849 278 1946 gambrae
306 1845 471 1935 cohortis,
499 1871 606 1944 quarn
632 1849 818 1919 Romanus
835 1868 1033 1944 promptam
1052 1850 1098 1922 ad

119 1970 287 2066 pericula,
303 1993 367 2040 nec
380 1966 495 2063 minus
512 1973 677 2043 cantuum
700 1970 733 2038 ὃ(
751 1991 928 2041 armorum
945 1970 1097 2046 tumultu

119 2109 267 2180 trucem,
293 2089 388 2162 haud
407 2089 529 2186 procul
546 2085 759 2160 instruxerat.
1108 2169 1110 2173 ¹
1184 2078 1186 2083 ’

167 2213 335 2285 XLVlll.
371 2210 622 2283 Tannstnra
657 2207 783 2282 dehinc
826 2212 934 2284 castra
965 2211 1099 2286 hostem

117 2352 271 2432 propter,
297 2329 422 2405 relittis
446 2331 542 2426 apud
569 2328 684 2427 priora
705 2329 922 2404 munimenta
943 2331 1098 2411 xThraei-

30 2487 33 2493 ·
119 2454 201 2542 bus,
228 2476 318 2549 quos
346 2448 447 2522 nobis
471 2448 615 2522 adfuisse
644 2448 860 2524 memoravi:
889 2449 996 2546 iisque
1022 2476 1101 2547 per-

122 2569 264 2645 miffum
298 2576 326 2612 “
345 2568 489 2659 vastare,
526 2595 639 2661 urere,
671 2571 806 2648 trahere
830 2573 977 2669 praedas,
1013 2572 1102 2645 dum

123 2699 153 2734 ‘⁶
172 2678 349 2789 populatio
368 2691 484 2763 lucem
505 2690 596 2766 intra
623 2691 804 2783 sisteretur,
830 2694 1039 2790 noctemque
1065 2693 1102 2765 in

124 2818 152 2855 ‘⁶
171 2811 284 2886 castris
299 2831 412 2886 tutam
430 2816 463 2886 &
481 2812 626 2911 vigilem
648 2814 904 2911 capesserent?
928 2812 967 2889 id
984 2812 1101 2912 primo

123 2931 318 3007 servatum:
356 2959 443 3025 mox
470 2917 555 3008 versr
586 2933 623 3009 in
645 2935 786 3025 luxum,
825 2939 859 3008 δι
883 2934 988 3033 raptis
1013 2960 1101 3032 opu·

125 3050 224 3142 lenti,
256 3050 417 3128 omittere
442 3053 616 3146 stationes,
648 3054 784 3133 lascivia
815 3057 1017 3155 epularum,
1045 3076 1105 3129 aut
1143 3106 1144 3109 =

124 3173 248 3247 somno
269 3177 303 3246 δι
320 3172 405 3254 trino
422 3179 663 3270 procumbere.
714 3176 828 3275 Igitur
849 3177 977 3269 hostes,
1003 3175 1100 3249 incu-

24 3286 32 3299 ’
120 3296 175 3370 tia
205 3319 326 3372 eorum
348 3298 541 3394 comperta,
566 3297 638 3369 duo
665 3297 808 3396 agmina
830 3316 976 3395 parant:
1014 3323 1103 3395 quo-

125 3443 205 3490 rum
222 3417 342 3508 altero,
369 3419 593 3516 populatores
618 3415 886 3504 invaderentur3
913 3417 971 3490 alii
999 3418 1105 3494 castra

93 3588 94 3591 =
123 3536 291 3618 Romana
313 3540 568 3635 adpugnarent‚
600 3563 672 3611 non
699 3536 756 3636 spe
781 3536 954 3635 capiendi,
980 3538 1038 3615 sed
1065 3559 1104 3615 ut

125 3661 291 3749 clamore,
317 3657 407 3747 telis,
434 3655 494 3730 suo
518 3657 661 3757 quisque
678 3659 835 3757 periculo
861 3657 1031 3751 intentus,
1052 3659 1104 3735 so·
1143 3722 1147 3731 ,

121 3806 248 3886 ¹potem
270 3779 410 3857 alterius
426 3778 541 3884 proelii
564 3805 635 3858 non
654 3780 849 3882 acciperet:
876 3785 1028 3858 tenebrae
1052 3781 1105 3855 in-
