2760 4718
260 333 335 420 252¹
492 319 1062 394 ecommTAcm

260 470 337 566 tum
354 491 515 564 Tiberius
545 486 735 567 duodecim
769 493 928 566 villamm
961 490 1178 583 nominibus,
1203 496 1243 568 δε

262 614 413 687 molibus
431 610 622 700 insederam
657 614 786 713 quanto
809 614 960 687 intentus
976 612 1059 685 olim
1078 613 1246 710 publicas

247 717 305 806 ¹ad
324 752 436 821 curas,
467 734 564 806 tanto
581 737 737 809 occultos
767 741 801 808 in
831 737 948 823 luxus,
968 739 1000 808 &
1019 735 1151 806 malum
1170 734 1244 807 oti-

262 881 324 928 um
352 853 527 926 resolutus.
577 858 760 929 Manebat
778 855 910 953 quippe
937 853 1169 951 suspicionum
1202 860 1242 930 ὃς

263 974 427 1049 credendi
456 973 642 1063 temeritas,
673 1001 777 1073 quam
798 974 944 1071 'Sejanus
972 982 1098 1073 augere
1130 974 1244 1047 etiam

264 1095 300 1167 in
318 1097 416 1168 Urbe
433 1094 560 1183 suetus,
593 1096 704 1168 acrius
721 1097 896 1185 turbabat,
923 1104 994 1167 non
1005 1093 1078 1193 jam
1095 1085 1246 1167 occultis

263 1215 451 1291 adversum
468 1215 701 1312 Agrippinam
720 1221 752 1288 δι
770 1218 951 1288 Neronem
969 1215 1107 1323 infimis:
1149 1216 1244 1312 Qis

235 1384 238 1388 -
263 1335 402 1411 additus
420 1334 531 1422 miles,
559 1333 714 1424 nuntios,
740 1335 912 1426 introitm,
938 1357 1070 1433 aperta,
1101 1334 1242 1424 secreta,

231 1539 236 1545 ,
264 1459 361 1529 velut
392 1457 426 1527 in
449 1456 586 1526 annales
603 1452 794 1531 referebat:
831 1456 992 1554 ultroque
1010 1447 1242 1545 struebantur,
1352 1492 1357 1497 ·

146 1576 150 1577 ἢ
192 1612 193 1617 ’
266 1578 326 1676 qui
356 1565 537 1652 monerent
564 1583 591 1619 ‘⁶
615 1574 796 1674 perfugere
819 1578 864 1648 ad
892 1576 1089 1648 Germaniae
1110 1575 1244 1647 exerci-

267 1708 295 1742 “
316 1719 384 1788 tus,
407 1699 463 1770 vel
481 1694 706 1768 celeberrimo
732 1694 796 1768 fori
814 1696 968 1794 effigiem
992 1696 1066 1769 divi
1090 1695 1245 1793 Augusti

269 1827 296 1869 “
315 1817 493 1915 ampleffi,
522 1818 764 1914 populumque
785 1842 826 1889 ac
854 1815 1010 1890 senatum
1026 1814 1155 1890 auxilio
1179 1841 1245 1888 vo·

269 1950 295 1986 “
315 1941 440 2013 care.'’'
480 1940 602 2035 anue
628 1933 738 2036 spreta
766 1938 812 2009 ab
839 1935 919 2028 illis,
948 1938 1045 2009 velut
1068 1957 1245 2034 pararent,

153 2141 155 2152 Ι
267 2059 528 2158 objiciebantur.

315 2181 484 2253 LXVIII.
522 2181 646 2274 Junro
664 2177 777 2251 Silano
795 2182 827 2249 δι
845 2175 927 2247 Silio
948 2178 1065 2250 Nerva
1088 2157 1249 2247 consuli.'

267 2305 348 2392 bus,
360 2300 495 2375 foedum
513 2300 594 2373 anni
610 2297 819 2397 principium
837 2298 976 2384 incessu,
990 2295 1099 2367 tratto
1109 2293 1144 2366 in
1162 2319 1242 2368 car·

269 2449 384 2498 cerem
407 2420 539 2494 inlustri
562 2420 678 2518 equite
704 2424 884 2507 Romano,
911 2415 1010 2489 Titio
1025 2414 1167 2505 Sabin0,
1193 2419 1246 2490 ob

269 2544 472 2618 amicitiam'
491 2539 714 2636 Germanici:
745 2537 970 2637 nequeenim
987 2534 1143 2610 omiserat
1157 2562 1246 2627 con·
1310 2528 1313 2531 ’
1336 2604 1337 2607 ,

261 2662 401 2767 jugem,
425 2661 615 2759 liberosque
644 2659 717 2758 ejus
742 2662 928 2758 percolere,
955 2657 1097 2731 sectator
1129 2658 1246 2748 domi,

270 2813 389 2860 comes
405 2786 441 2858 in
468 2783 622 2881 publico,
651 2780 728 2879 post
747 2793 799 2853 tot
824 2780 964 2853 clientes
989 2804 1102 2864 unns3
1130 2779 1248 2876 eoque

183 2960 184 2964 =
268 2908 364 3005 apud
393 2910 504 2980 bonos
538 2906 711 2992 laudatus,
736 2906 769 2975 δι
798 2900 912 2999 gravis
945 2899 1083 2997 iniquis.
1134 2901 1248 2973 Hunc

268 3025 430 3102 Latinius
456 3025 616 3113 Latiaris,
648 3022 915 3112 Porcius-Cato,
951 3020 1093 3094 Petitius
1115 3018 1247 3111 Rufus,

269 3152 326 3223 M.
344 3150 483 3244 Opfius,
499 3149 645 3242 praeturfi
660 3142 785 3233 iuneti,
803 3142 1067 3241 adgrediuntur,
1083 3139 1250 3236 cupidine
1310 3136 1313 3145 ’

270 3267 489 3351 consulatum
521 3267 566 3337 ad
584 3291 690 3362 quem
708 3290 779 3337 non
806 3262 865 3336 nisr
895 3288 954 3359 per
981 3259 1143 3360 Sejanum
1172 3261 1249 3333 adi-

269 3409 347 3459 tus:
372 3413 486 3484 neque
513 3385 623 3486 Sejani
652 3386 825 3487 voluntas,
853 3383 912 3456 nisr
930 3381 1054 3456 scelere
1070 3383 1248 3478 quaereba-

216 3556 226 3567 f
268 3528 335 3578 tur.
360 3508 602 3604 Composrtum
619 3506 708 3578 inter
727 3502 829 3602 ipsos,
853 3525 892 3575 ut
909 3501 1070 3591 Latiaris,
1092 3502 1152 3599 qui
1170 3527 1248 3573 mo.

269 3624 350 3704 dico
376 3624 436 3697 usu
460 3629 625 3701 Sabinum
655 3626 893 3724 contingebat,
931 3625 1073 3696 strueret
1109 3623 1246 3709 dolum,

269 3743 372 3831 ceteri
401 3744 500 3817 testes
521 3748 698 3826 adessent:
724 3746 851 3821 deinde
879 3742 1130 3827 accusationem
1155 3740 1243 3822 inci-
1291 3719 1294 3735 ¹
