2796 4724
350 321 649 400 naaman
676 320 786 402 Lis.
812 320 892 399 111,
1051 348 1116 423 ¹9¹

142 501 306 603 Principe
334 500 499 600 Augusto
532 498 729 590 constituta,
767 497 845 577 satis
876 497 1118 591 ostendebant,

143 650 294 706 armuam
320 623 510 700 absentiam
537 627 571 696 br
601 620 860 720 provinciarum
876 616 1121 697 administrati·

142 769 247 831 onem
262 743 425 819 Dialibus
443 770 515 821 non
533 743 701 817 concedi:
730 743 1061 839 memorabaturque
1074 743 1121 817 L.

142 863 296 955 Metelli,
323 864 499 963 pontificis
521 864 682 956 maximi,
708 862 928 959 exemplum,
955 861 1017 960 qui
1045 866 1122 938 Au·

141 987 215 1060 lum
240 985 478 1075 Postumium,
506 984 701 1074 flaminem,
728 982 924 1057 attinuisset.
974 985 1028 1058 Ita
1052 982 1122 1061 sort

143 1111 233 1182 Asrae
250 1106 287 1180 in
303 1133 400 1197 eum,
419 1106 481 1206 qui
501 1105 734 1180 consularium
750 1102 985 1203 Maluginensi
1002 1103 1122 1201 proxi»

142 1255 221 1303 mus
237 1249 323 1318 erat,
350 1229 501 1302 conlata.
950 1218 952 1221 ’

192 1351 347 1427 LXXII.
373 1351 512 1424 lanan
530 1346 654 1420 diebus
673 1345 834 1444 Lepidus
856 1348 901 1421 ab
916 1344 1034 1421 senatu
1060 1371 1120 1444 pe·
1193 1443 1195 1456 ι

148 1467 241 1559 tivit,
270 1476 298 1511 “
315 1491 356 1543 ut
383 1469 557 1543 basilicam
589 1468 715 1557 Paulli,
741 1467 888 1542 AEmilia
920 1465 1119 1543 monimen·

143 1596 170 1635 “
188 1610 236 1679 ta,
255 1589 395 1688 proprisi
418 1590 563 1687 pecunias
584 1592 737 1664 firmaret
749 1589 992 1687 ornaretque.'’
1036 1590 1121 1664 Erat
1210 1658 1211 1663 ,

144 1710 250 1789 etiam
267 1730 346 1788 tum
363 1709 399 1786 in
413 1710 668 1808 more'publica
680 1709 940 1785 munificentia:
968 1734 1032 1784 nec
1044 1715 1120 1786 Au·

143 1832 261 1930 grillus
295 1851 454 1930 arguerat
481 1834 655 1923 Taurum,
693 1831 915 1931 Philippum,
955 1831 1119 1924 Balbum,

144 1952 283 2032 hostiles
311 1951 469 2042 exuvias,
496 1973 555 2026 aut
583 1953 801 2028 exundantes
833 1978 932 2051 opes,
957 1974 1122 2037 ornatum

140 2073 186 2148 ad
202 2072 327 2165 Urbis,
354 2078 387 2151 δι
402 2073 582 2175 posterlrm
595 2073 744 2172 gloriam
758 2071 934 2148 conserte:
961 2101 1033 2174 quo
1043 2096 1121 2148 turn

140 2196 304 2293 exemplo
321 2195 496 2293 Lepidus,
523 2221 741 2294 quamquam
766 2196 920 2295 pecuniae
946 2196 1120 2288 modicus,
1241 2260 1243 2265 ,

140 2315 275 2395 avitum
296 2316 578 2392 decusrecoluit.
630 2321 682 2392 At
697 2316 860 2414 Pompeii
874 2318 1048 2391 theatrum
1066 2316 1120 2413 ig·
1225 2335 1228 2339 ·

140 2463 184 2514 ne
201 2435 344 2511 fortuito
362 2437 541 2527 haustum,
567 2436 680 2513 Caesar
703 2437 959 2513 exstrueumm
985 2435 1119 2534 pollici·

137 2574 193 2635 tus
210 2556 275 2646 est,
304 2562 333 2598 “
352 2555 394 2630 ed
424 2555 523 2655 quod
549 2583 655 2632 nemo
679 2584 699 2632 e
732 2556 863 2634 familis
893 2556 1120 2641 restaurando

91 2777 94 2784 .
140 2682 168 2717 “
186 2672 367 2765 sufficeret,
411 2698 573 2752 manente
602 2701 719 2754 tamen
747 2678 891 2753 nomine
918 2675 1119 2772 Pompeii.''

141 2795 250 2876 Simul
277 2797 440 2874 laudibus
468 2797 630 2897 sejanum
652 2801 792 2889 extulit,
819 2807 1046 2896 “tamquam
1067 2798 1117 2870 la·

141 2918 168 2962 “
189 2919 272 2992 bore
301 2918 552 3017 vigilantisque
584 2918 657 3018 eius
678 2942 774 2995 tanta
809 2917 863 2992 vis
890 2944 1004 2993 unum
1026 2916 1119 2999 intra

141 3038 171 3080 “
188 3038 360 3114 damnum
373 3039 511 3120 stetisset
524 3043 561 3126 ;''
588 3027 796 3117 &censuere
821 3062 936 3140 patres
960 3048 987 3089 “
1005 3038 1117 3138 effigi·

111 3195 115 3200 ·
134 3162 169 3204 '“
187 3184 245 3236 ern
266 3157 401 3258 Sejano,
416 3187 494 3258 quae
507 3163 600 3257 apud
617 3164 793 3243 theatrum
811 3162 974 3263 Pompeii
987 3164 1118 3237 locate·
1155 3240 1156 3245 ,

140 3285 166 3322 “
193 3280 289 3354 tur.”
330 3280 457 3379 Neque
473 3281 587 3357 multi>
612 3281 690 3380 pbst
706 3283 831 3374 Cesar,
850 3286 934 3364 cirm
951 3281 1101 3380 Junium

114 3438 116 3442 ’
135 3399 298 3491 Blaesum,
321 3401 562 3500 proconsulem
580 3404 725 3495 Asricae,
738 3404 910 3502 triumphi
926 3403 1117 3502 insignibus
1179 3414 1183 3422 '

136 3522 321 3613 attolleret,
350 3528 378 3564 “
394 3523 478 3595 dare
506 3523 543 3596 id
570 3523 628 3598 se''
650 3525 742 3605 dixit
765 3533 793 3571 “
812 3523 938 3602 honori
963 3524 1117 3625 Sejani,¹'

55 3687 62 3699 κ
136 3640 232 3742 cujus
250 3642 309 3720 ille
331 3643 525 3721 avunculus
540 3664 624 3719 erat.
