2834 4732
297 346 363 415 128
498 341 540 411 C.
571 336 851 417 Conuntn
886 339 1094 420 Tnc1r1

294 524 435 588 “more
462 515 625 611 rapiant?
670 516 732 589 Est
756 516 821 591 tibi
841 499 1014 616 ’Augusta
1043 517 1262 614 conscientia,

291 643 319 677 “
335 634 384 706 est
415 635 556 709 Caesaris
581 636 695 727 favor,
719 637 777 710 sed
807 636 842 710 in
868 640 1037 712 occulto:
1066 644 1099 712 a
1128 642 1263 737 periisse

288 755 583 830 “Germanicum
617 756 705 830 nulli
742 754 929 854 jactantius
958 780 1115 849 maerent,
1152 764 1260 858 quam

287 874 393 972 “qui
418 875 572 949 maxime
598 878 766 951 laetantur.

335 997 541 1070 LXXVIII.
577 999 704 1092 Hnun
733 1001 862 1098 magna
888 1001 982 1072 mole
1009 999 1101 1090 Piso,
1123 1027 1260 1099 -prom-

287 1135 365 1213 ptus
383 1113 569 1208 ferocibus,
584 1117 620 1189 in
636 1116 837 1193 sententiam
853 1119 998 1193 trahitur
1011 1148 1021 1192 ε
1036 1119 1206 1219 miffisque
1215 1123 1261 1194 ad
1291 1123 1293 1134 ’

286 1235 470 1309 Tiberium
488 1237 651 1335 epistolis,
668 1237 813 1313 'incusat
840 1240 1090 1314 Germanicum
1119 1249 1145 1283 “
1157 1242 1260 1314 luxus

286 1363 314 1398 “
333 1361 367 1430 δι
385 1355 551 1455 superbiae
566 1387 576 1444 3
611 1357 716 1457 seque
745 1359 895 1456 pulsum,
913 1381 952 1433 ut
969 1361 1064 1434 locus
1080 1362 1181 1434 rebus
1198 1386 1260 1434 no·
1283 1404 1284 1407 π

286 1485 314 1520 “
333 1477 384 1550 vis
402 1480 588 1575 patefieret,
615 1505 736 1553 curam
753 1481 935 1568 exercitus,
954 1481 1075 1553 ebdem
1097 1482 1169 1554 fide
1194 1485 1261 1578 qud
1362 1470 1369 1479 ⁸

286 1604 314 1640 “
332 1586 494 1690 tenuerit,
525 1598 756 1697 repetivisse.”
805 1599 914 1674 Simul
929 1599 1129 1673 Domitium
1147 1600 1260 1699 impo-

285 1721 386 1792 fitum
416 1719 546 1791 triremi
578 1725 605 1761 ‘⁴
623 1719 732 1792 vitare
757 1719 902 1792 litorum
927 1744 1037 1809 oram,
1072 1741 1263 1819 praeterque

286 1837 454 1911 “insulas
486 1841 557 1910 lato
585 1839 671 1911 mari
700 1864 842 1937 pergere
870 1839 906 1910 in
937 1839 1098 1935 Syriam'’
1128 1838 1258 1938 Iubet:

283 1978 527 2030 concurrentes
542 1956 731 2029 desertores
759 1983 820 2054 pet
841 1959 1036 2053 manipulos
1060 1961 1259 2057 componit,

281 2096 393 2148 armat
410 2075 511 2164 lixas,
540 2073 752 2172 trajectisque
780 2076 816 2147 in
841 2074 1078 2148 continentem
1094 2080 1257 2170 navibus,

280 2196 450 2268 vexillum
473 2182 626 2268 tironum
653 2195 688 2268 in
712 2194 845 2291 Syriam
880 2193 1036 2267 euntium
1068 2193 1257 2294 intercipit.

281 2316 431 2414 ReguIis
447 2315 596 2390 Cilicum
627 2323 710 2390 “ut
738 2314 770 2390 se
802 2314 938 2389 auxiliis
963 2313 1151 2410 juvarent’'
1178 2316 1259 2392 scri·

282 2435 357 2523 bit3
385 2437 479 2510 haud
508 2436 639 2536 ignavo
661 2437 707 2510 ad
723 2435 911 2510 ministeria
936 2435 1018 2508 belli
1042 2432 1175 2532 juvene
1197 2440 1255 2513 Pi-

281 2555 376 2647 sone,
406 2584 622 2656 quamquam
638 2555 890 2656 suscipiendum
907 2556 1038 2629 bellum
1055 2557 1233 2632 abnuisset.

329 2680 506 2753 LXXIX.
542 2680 684 2752 Io1run
711 2704 808 2753 oram
834 2677 956 2774 Lyciae
981 2703 1021 2751 ac
1043 2679 1259 2776 Pamphylia

192 2779 228 2849 f
281 2801 519 2898 praelegenteS,
559 2801 671 2874 obviis
710 2799 869 2888 navibus,
909 2823 987 2894 quae
1020 2786 1256 2895 Agrippinam

281 2920 467 3010 vehebant,
490 2920 665 3017 utrimque
691 2918 824 3010 infensi,
851 2943 949 2990 arma
974 2915 1089 3013 primo
1113 2919 1257 3015 expedi-

280 3039 362 3113 ere:
401 3041 482 3114 dein
515 3045 638 3115 mutusr
664 3038 866 3128 formidine,
894 3064 965 3111 non
987 3040 1080 3111 ultra
1099 3035 1255 3137 jurgium

198 3186 206 3208 ⁸
278 3163 472 3258 processum
488 3161 563 3233 est:
592 3159 797 3258 Marsusque
820 3159 944 3233 Vibius
961 3159 1132 3232 nuntiavit
1161 3158 1255 3232 Piso·

278 3281 329 3371 ni,
365 3285 563 3356 “Romam
598 3282 642 3353 ad
684 3280 871 3354 dicendam
911 3263 1064 3353 causamx
1088 3280 1260 3354 veniret.’'

278 3401 342 3472 Ille
364 3404 507 3475 eludens
532 3396 719 3497 respondit,
745 3408 773 3442 “
791 3398 1007 3491 adfuturum,
1030 3400 1092 3473 ubi
1117 3422 1252 3497 praetor,

280 3520 388 3617 “qui
416 3523 461 3594 de
485 3520 661 3595 veneficiis
689 3541 869 3619 quaereret,
897 3548 956 3594 reo
989 3543 1094 3618 atque
1116 3518 1252 3591 accusa-

279 3636 456 3716 “toribus
485 3641 580 3714 diem
610 3641 852 3740 praedixisset.''
907 3642 1046 3714 Interim
1075 3636 1252 3712 Domitius

276 3758 505 3848 Laodiceam,
531 3765 654 3835 urbem
671 3761 791 3856 Syriae,
815 3759 990 3857 adpulsus,
1003 3761 1084 3832 ciam
1106 3756 1252 3832 hiberna
