2512 4696
419 350 965 446 danamarcham
1111 385 1183 464 ²¹5

202 523 348 601 Tiberio
375 549 457 623 erga
484 525 671 623 pecuniam
698 527 848 603 alienam
882 531 1064 630 diligentia
1103 502 1192 614 suin
1225 580 1228 601 ·

146 643 157 655 ⁵
202 648 292 722 Sofia
317 646 351 718 in
379 644 540 719 exsilium
568 646 710 744 pellitur
740 649 850 725 Annii
880 653 974 725 Galli
1004 650 1182 748 sententia,

112 860 116 868 Ι
200 768 261 866 qui
291 773 474 864 “partem
493 767 670 841 bonomm
687 767 951 866 publicandam,
971 799 1049 871 pars
1076 797 1114 849 ut
1139 778 1183 850 li·
1204 756 1215 826 ἶ

199 894 228 929 “
245 887 334 963 beris
350 887 645 987 relinqueretur‚”
662 888 850 966 censuerat.
882 895 1016 967 Contri
1034 899 1092 969 M.
1109 900 1181 972 Le-

198 1008 301 1106 pidus
323 1016 353 1057 “
365 1016 532 1108 ,quartam
551 1007 821 1102 accusatoribus,
835 1011 1026 1088 secundbm
1043 1021 1182 1092 necessi·

200 1138 228 1174 “
246 1130 407 1204 tudinem
424 1130 526 1228 legis,
546 1151 659 1204 cetera
674 1131 817 1206 liberis”
843 1139 1030 1229 conceffit„
1068 1141 1188 1213 Hunc>

199 1253 482 1349 egoLepidum,
513 1252 731 1349 temporibus
749 1252 830 1344 illis,
862 1280 1008 1355 gravem
1033 1265 1069 1345 δι’
1094 1257 1182 1356 sapi-

200 1392 318 1448 entem
335 1372 452 1446 vimm
483 1371 580 1446 fuisse
597 1374 788 1471 comperio.
839 1364 936 1450 Nani
955 1379 1120 1477 pleraque
1136 1383 1183 1454 ab

199 1489 296 1566 saevis
312 1484 568 1568 adulationibus
585 1495 746 1585 aliorum,
766 1496 801 1568 in
819 1497 944 1571 melius
960 1499 1084 1572 flexit:
1120 1524 1181 1574 ne·
1227 1517 1229 1519 ’

200 1640 271 1713 que
297 1634 415 1688 tamen
446 1615 713 1713 temperamenti
742 1619 883 1715 egebat,
909 1619 992 1692 cum
1020 1620 1183 1719 aequabili

198 1736 401 1811 auctoritate
418 1740 452 1810 δι
470 1736 578 1836 gratis
590 1739 683 1836 apud
695 1737 883 1813 Tiberium
896 1739 1059 1839 viguerit.
1072 1744 1182 1815 Unde

198 1858 362 1932 dubitare
390 1883 511 1958 cogor,
535 1857 657 1932 sato&
675 1856 761 1930 sorte
784 1858 960 1951 nascendi,
990 1882 1028 1934 ut
1053 1884 1180 1953 cetera,

124 2039 128 2048 .
198 1976 249 2052 ita
263 1978 466 2077 principum
483 1978 663 2054 inclinatio
680 1979 715 2051 in
732 1980 811 2071 hos,
843 1982 985 2055 offenfio
1012 1981 1047 2055 in
1077 1984 1154 2058 illos
1168 1975 1192 2056 2*

195 2124 240 2172 an
258 2104 297 2174 fit
325 2099 462 2199 aliquid
491 2100 528 2174 in
557 2089 681 2175 nostris
699 2101 861 2201 consiliis,
893 2101 1066 2201 liceatque
1091 2106 1182 2179 inter

167 2258 169 2266 v
193 2222 383 2320 abruptam
399 2223 673 2314 contumaciam,
705 2227 740 2298 δι
771 2222 930 2297 deforme
956 2222 1180 2322 obsequium,

193 2368 339 2444 pergere
357 2343 421 2416 iter
445 2343 637 2418 ambitione
664 2369 705 2418 ac
734 2344 897 2442 periculis
915 2368 1079 2416 vacuum.
1130 2349 1181 2415 At

112 2453 115 2464 ’
195 2465 403 2538 Messalinus
431 2465 548 2554 Cotta,
577 2465 671 2537 haud
705 2464 821 2538 minias
850 2461 948 2538 claris
977 2460 1179 2559 majoribus,

194 2582 254 2658 sed
270 2573 390 2657 animo
412 2581 578 2676 diversus,
608 2583 738 2659 censuit
774 2584 1014 2681 “cavendum
1030 2580 1178 2655 senatus·

199 2710 228 2746 “
245 2701 418 2798 consulto,
448 2725 487 2778 ut
514 2731 731 2805 quamquam
764 2705 915 2780 insontes
949 2702 1180 2800 magistratus,

199 2830 228 2867 “
246 2830 280 2900 δι
299 2827 413 2924 culpae
441 2825 563 2901 alienae
589 2826 704 2917 nescii,
731 2825 1002 2926 provincialibus
1029 2847 1182 2896 uxorum

197 2949 227 2989 “
247 2947 464 3037 criminibus,
491 2948 636 3046 perinde
654 2949 762 3047 quim
779 2944 1130 3043 suispleslerenturJ’

245 3067 348 3141 XXI.
376 3072 522 3153 Acrone
540 3068 669 3142 dehinc
687 3070 732 3142 de
748 3066 941 3166 Calpurnio
957 3064 1094 3154 Pisone,
1113 3088 1178 3137 no·

197 3174 262 3260 bili
278 3213 320 3262 ac
336 3185 444 3261 feroci
460 3188 548 3262 viro.
590 3192 623 3263 Is
640 3208 808 3290 namque,
826 3207 865 3262 ut
882 3186 997 3278 retuli,
1025 3194 1052 3230 “
1070 3186 1179 3259 cellu-

89 3402 94 3411 ι
197 3313 226 3350 “
243 3334 323 3382 rum
337 3309 371 3382 se
387 3311 488 3384 Urbe
511 3314 560 3385 ob
572 3309 738 3387 sadtiones
753 3308 1036 3396 accusatorum,'’
1059 3306 1095 3380 in
1125 3305 1176 3381 se·

194 3449 280 3503 natu
304 3429 561 3506 clamitaverat:
601 3434 635 3504 &
664 3429 775 3530 spreti
803 3428 958 3529 potentid
992 3429 1178 3527 Augustae,

198 3553 334 3625 trahere
351 3549 387 3622 in
398 3548 455 3648 jus
470 3550 721 3650 Urgulaniam,
734 3555 916 3647 domoque
931 3547 1101 3647 Principis
1119 3575 1181 3622 ex-

198 3671 268 3748 cire
284 3671 384 3746 ausus
401 3693 484 3746 erat.
534 3675 626 3769 Qrae
655 3671 690 3745 in
717 3671 864 3772 praesens
887 3667 1051 3743 Tiberius
1068 3670 1180 3744 civili-

198 3813 249 3866 ter
266 3792 411 3868 habuit:
438 3792 549 3870 sedin
566 3789 685 3865 animo
703 3795 905 3869 revolvente
922 3788 1002 3881 iras,
1028 3789 1134 3864 etiam
1158 3789 1181 3875 fi

667 3914 695 3986 P
721 3941 747 4007 4
