2834 4732
262 370 331 436 104
513 342 1027 426 C.Conuna11Tncrr1

256 522 382 595 liberos
405 518 477 616 ejus
498 541 536 593 ut
561 520 713 593 multum
734 517 826 593 insti
849 520 1055 619 despesiare:
1083 549 1148 598 nec
1171 528 1238 601 du·

254 642 354 716 bium
372 643 536 731 habebat,
561 640 799 732 sedelesium,
827 641 888 740 qui
909 641 1015 739 Syria
1038 642 1237 740 imponere-

253 781 320 851 tur,
344 764 402 835 'ad
436 761 510 860 spes
535 763 743 836 ‘Germanici
782 765 1016 836 cosrcendas:
1058 767 1237 842 credidere

253 881 399 980 quidam
428 884 509 957 data
543 889 577 956 ὅτ
609 911 629 956 a
661 883 808 956 Tiberio
832 885 971 956 occulta
995 887 1171 978 mandata,
1200 893 1235 962 &

252 1004 457 1077 Plancinam
506 1007 599 1078 haud
632 1003 740 1077 dubie
772 1005 932 1103 Augusta
953 999 1116 1098 monuit,
1156 1036 1235 1082 mu-

252 1124 352 1198 liebri
390 1127 610 1201 aemulatione
656 1126 893 1225 Agrippinam
921 1127 1134 1202 infestandi:
1181 1132 1235 1204 di-

250 1245 322 1320 visa
345 1276 500 1347 namque
529 1253 561 1321 &
587 1246 714 1321 discors
738 1249 816 1320 aula
838 1267 923 1339 erat,
949 1249 1060 1322 tacitis
1078 1250 1113 1323 in
1137 1254 1233 1326 Dru.

248 1366 324 1459 sum
352 1392 411 1444 aut
440 1370 691 1443 Germanicum
711 1368 841 1443 studiis.
891 1369 1069 1461 Tiberius,
1090 1392 1129 1446 ut
1157 1400 1237 1470 pro-

188 1533 189 1536 *
249 1494 382 1591 prium,
411 1500 444 1569 &
470 1492 518 1567 sui
542 1491 731 1594 sanguinis,
759 1490 915 1565 Drusum
944 1490 1110 1567 fovebat:
1147 1482 1241 1568 Ger-¹

249 1617 402 1707 manico,
439 1615 601 1688 alienatio
632 1613 759 1712 patrui,
800 1639 955 1687 amorem
982 1617 1078 1712 apud
1105 1600 1250 1691 ceteros

248 1757 414 1822 arrxerat3
446 1741 480 1808 δι
508 1736 590 1834 quia
618 1734 825 1808 claritudine
849 1735 995 1808 materni
1019 1737 1152 1835 generis
1174 1767 1236 1813 an·

247 1858 370 1946 teibat,
396 1883 503 1930 avum
528 1859 585 1928 M.
607 1844 821 1946 Antonium,
853 1850 1071 1931 avunculum
1094 1860 1235 1960 Augus-

246 1998 324 2049 tum
341 1975 472 2048 ferens:
498 1977 620 2047 contrss
638 1974 752 2048 Druso
776 2000 941 2070 proavus,
972 2003 1079 2072 eques
1099 1984 1235 2052 Roma-

245 2123 324 2186 nus,
360 2093 576 2191 Pomponius
611 2094 768 2168 Atticus.
796 2094 964 2167 dedecere
1002 2096 1234 2172 Claudiorum

242 2216 414 2314 imagines
432 2215 635 2289 videbatur:
662 2212 868 2313 &conjunx
886 2214 1083 2287 Germanici
1097 2216 1232 2314 Agrip-

245 2339 339 2437 pina,
371 2337 583 2411 fecunditate
607 2329 656 2412 acw
670 2337 763 2410 sams
789 2333 935 2409 Liviam
958 2360 1106 2409 uxorem
1131 2339 1233 2411 Drusl

246 2461 489 2558 precellebat:
529 2456 588 2532 sed
626 2459 742 2532 fratres
777 2456 917 2556 egregie
953 2458 1159 2548 concordes,
1198 2461 1233 2530 δι

246 2568 490 2679 proximorum
509 2581 759 2655 certaminibus
776 2580 977 2652 inconcussi.

295 2705 429 2777 XLIV.
458 2705 547 2776 Nnc
576 2701 689 2775 multo
719 2700 796 2798 pdst
824 2698 956 2773 Drusus
986 2699 1023 2773 in
1052 2703 1233 2798 Illyricum

189 2837 215 2879 W
246 2823 366 2897 missus
395 2823 458 2913 est,
493 2845 532 2896 ut
559 2822 722 2897 suesceret
749 2819 897 2911 militiae,
925 2820 1108 2919 studiaque
1133 2848 1233 2896 exer·
1273 2904 1275 2910 ¹

246 2945 338 3018 citus
368 2965 521 3040 pararet3
553 2946 652 3017 fimus
672 2942 843 3042 juvenem
868 2944 1001 3015 urbano
1026 2943 1114 3015 luxu
1136 2941 1233 3018 lasci·

246 3065 400 3140 vientem
430 3065 553 3137 melius
582 3065 618 3137 in
643 3065 756 3138 castris
783 3062 900 3138 haberi
924 3062 1101 3153 Tiberius,
1132 3063 1234 3162 seque

245 3189 408 3261 tutiorem
426 3189 576 3274 rebatur,
610 3207 758 3283 utroque
787 3186 862 3258 filio
889 3183 1045 3283 legiones
1071 3185 1231 3259 obtinen-

246 3327 291 3378 te.
342 3310 409 3381 Sed
435 3306 539 3382 Suevi
562 3307 878 3403 ptaetendebantur,
913 3305 1085 3379 auxilium
1109 3306 1232 3380 adver·
1305 3344 1310 3356 ¹

247 3427 302 3498 sias
318 3427 506 3501 Cheruscos
524 3448 678 3500 orantes:
711 3454 794 3500 nam
805 3414 954 3500 'discessu
971 3430 1228 3515 Romanorum,

245 3573 286 3619 ac
309 3546 411 3618 vacui
435 3570 579 3622 externo
606 3571 716 3639 metu,
746 3549 860 3647 gentis
888 3547 1126 3633 adsuetudine,
1153 3564 1232 3617 tum

248 3673 281 3740 ἃ
300 3668 522 3740 {emulatione
550 3670 681 3768 gloriae,
710 3697 807 3743 arma
824 3670 860 3743 in
887 3669 921 3743 se
948 3685 1139 3742 verterant:
1177 3662 1231 3737 vis
1288 3702 1290 3710 ·

237 3782 440 3877 nationum,
470 3788 579 3862 virtus
603 3792 736 3865 ducum
759 3791 796 3864 in
818 3816 944 3888 aequo;
981 3788 1038 3874 sed
1057 3787 1229 3864 Marobo-
