2796 4724
268 345 338 418 194
434 302 1129 408 C.Connrr1'1Tnc1r1,k&c.

255 485 424 579 'secutus3
442 493 500 569 sed
516 517 584 566 avo
600 492 802 567 centurione
819 495 973 585 Sullano,
993 512 1090 591 patre
1115 518 1244 593 praeto.

267 619 330 692 rio.
380 611 608 689 Consulatum
634 614 665 688 ei
690 615 945 689 adceleraverat
971 614 1166 713 Augustus,
1205 641 1246 694 ut

264 740 471 828 Labeonem
501 734 709 827 Antistium,
735 734 857 811 iisdem
885 731 1015 811 artibus
1043 740 1246 833 praecellen-

265 879 354 951 tem,
380 856 585 957 dignatione
601 854 674 954 ejus
692 857 911 957 magistratus
927 858 1079 933 anteiret.
1128 862 1244 934 Nam-
1301 922 1305 928 .

264 1005 334 1078 que
356 979 416 1053 illa
445 998 525 1053 aetas
551 980 624 1051 duo
656 977 748 1076 pacis
774 979 902 1053 decora
925 980 1026 1054 fimul
1055 980 1157 1053 tulit:
1184 979 1244 1055 sed

264 1103 389 1175 Labeo
415 1100 616 1197 incorrupta
642 1097 816 1190 libertate,
844 1105 878 1173 &
901 1103 948 1173 ob
974 1101 1013 1174 id
1037 1099 1130 1174 sama
1154 1102 1244 1174 cele-

265 1220 419 1295 bratior:
446 1219 629 1318 Capitonis
655 1218 865 1317 obsequium
886 1220 1152 1296 dominantibus
1169 1249 1244 1296 ma-

173 1424 176 1429 ,
266 1339 320 1439 gis
338 1344 564 1437 probabatur.
599 1341 669 1432 Illi,
697 1341 795 1439 qudd
823 1361 1011 1439 praeturam
1034 1325 1123 1416 intra
1139 1342 1246 1434 stetit,

264 1461 528 1537 commendatio
556 1488 601 1536 ex
619 1459 763 1560 injurid;
790 1463 888 1554 huic,
907 1462 1013 1561 .un
1030 1461 1247 1538 consulatum

264 1584 411 1681 adeptus
428 1583 490 1674 est,
517 1584 639 1658 odium
653 1609 699 1657 ex
715 1583 850 1657 invidia
866 1583 1054 1660 oriebatur.

308 1699 487 1779 LXXVI.
516 1708 572 1778 Er
597 1708 741 1802 Juu1n‚
768 1705 982 1806 sexagesimo
1011 1728 1136 1806 quarto
1169 1708 1246 1804 post

264 1824 521 1925 Philippensem
549 1826 659 1900 aciem
692 1853 799 1919 anno,
825 1825 1026 1925 supremum
1055 1828 1149 1901 diem
1182 1853 1245 1901 ex·

264 1946 388 2043 plevit,
415 1945 551 2018 Catone
576 1939 753 2020 avunculo
782 1948 982 2045 genitasC.
1013 1949 1116 2022 Caslii
1141 1976 1245 2038 uxor,

220 2064 221 2070 ’
262 2069 319 2139 Μ.
338 2064 434 2138 Bruti
458 2062 562 2137 soror.
612 2066 878 2140 Testamentum
908 2065 980 2162 ejus
1010 2071 1124 2145 multo
1147 2070 1244 2164 apud

262 2185 414 2284 vulgum
445 2209 584 2258 rumore
616 2182 683 2258 fuit,
691 2215 704 2273 3
730 2185 825 2284 quia,
862 2185 899 2258 in
931 2186 1068 2283 magnis
1101 2186 1243 2282 opibus,

265 2307 348 2380 cum
372 2304 481 2378 ferme
509 2306 655 2380 cunstos
683 2332 842 2405 proceres
864 2332 948 2380 cum
971 2308 1105 2378 honore
1126 2305 1243 2380 nomi·
1285 2322 1289 2329 “

185 2494 188 2501 .
264 2424 423 2518 nauiffet,
449 2426 621 2502 Caesarem
649 2427 787 2502 omisit:
825 2429 923 2528 quod
943 2427 1090 2502 civiliter
1118 2450 1243 2524 accep-

263 2566 342 2623 tum
356 2534 378 2636 εἰ
393 2574 509 2646 neque
537 2549 716 2647 prohibuit
744 2549 935 2649 quominus
963 2548 1162 2623 laudatione
1180 2573 1246 2646 pro

188 2729 194 2749 .
263 2668 391 2759 rostris,
418 2669 608 2768 ceterisque
635 2669 860 2747 sollemnibus
888 2671 991 2746 sunus
1009 2669 1246 2744 cohonestare·

222 2854 225 2861 .
263 2810 330 2864 tur.
381 2790 518 2890 Viginti
549 2793 809 2867 clarissunarum
837 2793 1047 2867 familiarum
1075 2789 1247 2889 imagines

264 2913 422 2985 antelata
447 2910 539 3004 sunt,
566 2913 709 3005 Manlii,
735 2914 907 3015 Qinffii,
934 2912 1070 3012 aliaque
1093 2909 1247 3010 ejusdem

266 3030 456 3105 nobilitatis
485 3035 655 3108 nomina:
683 3034 741 3110 sed
766 3034 1020 3137 prasulgebant
1049 3034 1179 3107 Caffius
1195 3050 1247 3106 at-

266 3179 336 3251 que
352 3155 491 3245 Brutus,
510 3180 553 3229 eo
571 3152 645 3255 ipso
663 3155 761 3256 qubd
783 3158 915 3257 effigies
930 3183 1051 3233 eorum
1069 3181 1141 3229 non
1157 3148 1244 3226 vise·

215 3337 217 3344 .
265 3275 404 3349 bantur.
436 3289 443 3308 ‘
809 3275 812 3278 ’
