2512 4696
87 320 162 394 208
309 316 881 391 C.Connna11Tncrrr

82 520 161 568 rum
178 493 212 564 in
230 511 423 588 utrumque
437 491 532 581 odio,
558 493 719 590 quamvis
751 491 907 567 fabulosa
933 496 968 567 δι
990 497 1073 572 ima

84 611 198 688 mania
225 612 477 684 credebantur:
504 612 673 686 atrociore
695 612 829 711 semper
848 612 939 687 sama
977 643 1075 717 erga

80 728 338 805 dominantium
368 729 493 804 exitus.
545 732 645 804 Ordo
673 733 805 831 alioqui
834 732 966 806 sceleris
995 763 1070 832 per

79 847 266 945 Apicatam
296 847 408 948 Sejani
428 850 597 948 proditus,
623 853 805 926 tormentis
837 852 988 926 Eudemi
1014 881 1067 929 ac

79 967 200 1066 Lygdi
228 970 421 1066 patefasius
450 970 520 1044 este
563 997 676 1069 neque
702 972 885 1071 quisquam
913 971 1068 1072 scriptor

79 1111 150 1163 tam
179 1086 332 1165 infensus
351 1090 496 1182 exstitit,
520 1113 560 1164 ut
580 1092 726 1166 Tiberio
747 1090 950 1189 objedlaret,
974 1095 1068 1170 cum

79 1209 198 1284 omnia
225 1211 293 1287 alia
318 1213 574 1311 conquirerent,
598 1213 900 1311 intenderentque·
960 1216 1069 1290 Mihi

80 1331 240 1406 tradendi
257 1334 499 1432 arguendique
516 1335 663 1408 rumoris
680 1333 779 1408 causa
807 1333 889 1426 suit,
913 1355 968 1425 ut,
990 1339 1070 1412 cla·

21 1506 29 1521 .
79 1478 120 1528 ro
144 1452 207 1528 sub
223 1457 402 1554 exemplo,
421 1454 518 1529 salsas
534 1438 727 1531 auditiones
744 1457 973 1553 depellerem,
1002 1484 1087 1565 pe·⁸
1188 1546 1192 1553 ,

79 1595 263 1675 teremque
289 1579 336 1651 ab
363 1566 422 1666 iis,
455 1602 605 1675 quorum
634 1575 670 1648 in
694 1601 816 1649 manus
837 1602 922 1648 cura
946 1578 1074 1653 nostra

80 1696 227 1787 venerit,
259 1722 304 1770 ne
335 1696 517 1795 divulgata
554 1719 657 1797 atque
688 1696 932 1788 incredibilia,
955 1699 1071 1773 avide}

79 1838 235 1915 accepta,
277 1817 380 1908 veris,
424 1842 539 1914 neque
573 1816 610 1889 in
640 1816 849 1889 miraculum
875 1819 1069 1916 corruptiS‚

79 1916 322 2009 antehabeant.

44 2090 46 2093 v
86 2100 89 2105 -
128 2055 211 2126 Xll.
237 2055 433 2124 Caranum
452 2053 615 2124 laudante
632 2053 746 2124 filium
767 2057 972 2148 prorostris
995 2060 1070 2130 Ti-

80 2171 192 2263 herio,
214 2170 348 2244 senatus
374 2168 593 2268 populusque
616 2168 778 2242 habitum
802 2196 843 2242 ac
862 2198 966 2245 voces
988 2177 1062 2248 do<

80 2294 216 2366 lentum
241 2290 453 2384 simulatione
472 2291 585 2390 magis
611 2291 718 2389 quam
735 2287 847 2363 libens
871 2289 1064 2388 induebat,
1120 2274 1146 2311 ”

80 2414 300 2511 domumque
316 2411 518 2485 Germanici
532 2409 733 2485 revirescere
750 2411 879 2484 occulti
892 2413 1064 2487 laetaban⁴

83 2554 150 2609 tur.
199 2535 307 2632 Qud
325 2532 539 2632 principium
562 2531 702 2622 favoris,
725 2537 759 2605 δι
783 2552 892 2605 mater
924 2533 1063 2632 Agrip-

83 2656 179 2756 pina,
202 2653 299 2753 spem
322 2654 411 2728 male
426 2675 561 2753 tegens,
593 2650 783 2751 perniciem
807 2653 1065 2730 adceleravere.

82 2780 179 2853 Nam
211 2774 364 2875 Sejanus,
389 2775 451 2850 ubi
478 2774 575 2848 videt
606 2792 756 2846 mortem
780 2775 883 2847 Drufi
913 2774 1065 2851 inultam

81 2897 373 2988 intersedoribus,
388 2900 455 2970 fine
468 2920 612 2970 maerore
625 2893 768 2992 publico
781 2895 861 2984 effe,
879 2892 978 2968 ferox
991 2894 1062 2970 sce-

83 3022 209 3110 lerum,
234 3022 268 3090 δε
287 3017 369 3116 quia
381 3017 491 3116 prima
503 3035 748 3115 provenerant,
761 3019 918 3101 volutare
927 3013 1060 3107 secum,

82 3151 238 3241 quonam
254 3139 362 3214 modo
380 3136 583 3211 Germanici
597 3136 725 3211 liberos
743 3155 962 3234 perverteret,
972 3163 1061 3234 quo-

83 3288 162 3336 rum
186 3287 258 3336 non
274 3257 382 3334 dubia
402 3257 588 3334 succeffio:
613 3282 729 3354 neque
747 3257 862 3356 spargi
886 3283 1062 3332 venenum

83 3379 120 3452 in
136 3401 204 3457 tres
221 3399 368 3479 poterat,
394 3376 542 3483 egregia
553 3377 738 3451 custodum
760 3379 844 3467 fide,
870 3381 904 3450 ὅτ
922 3377 1062 3476 pudici·

83 3497 131 3570 tid
152 3498 363 3598 Agrippina
387 3497 656 3595 impenetrabili.
705 3497 819 3596 Igitur
843 3494 1057 3571 contumaci-

82 3640 142 3689 am
165 3614 237 3715 ejus
259 3618 429 3710 infestari,
461 3639 560 3691 vetus
583 3617 751 3718 Augusta
781 3617 916 3705 odium,
939 3638 1059 3686 recen-

56 3721 156 3812 *tem
185 3734 301 3810 Liviae
334 3722 580 3815 conscientiam
604 3735 793 3838 exagitate,
826 3757 863 3811 ut
899 3737 927 3774 “
941 3729 1058 3830 super·
