2796 4724
251 340 255 348 ’
347 352 890 429 ‘Auun'uruqunN
1061 377 1128 428 sor

155 535 224 609 tior
249 523 319 621 ria,
343 534 387 605 ,δι’
407 557 427 603 a
448 530 564 605 Druso
588 528 753 625 incipere,
802 526 839 602 in
873 539 980 630 quem'
1014 552 1133 603 recen,

157 655 183 727 ti
224 655 272 726 irs
305 647 489 724 ferebatur.
556 651 653 723 Nam
695 647 826 724 Drusus
860 647 1043 746 impatiens
1085 677 1132 723 ae·

156 773 257 860 midi,
286 777 319 844 8(
339 770 457 844 animo
475 770 700 861 commotior,
726 791 803 844 orto
830 768 919 842 sorte
939 767 1062 867 jurgio
1080 769 1134 842 in-

156 895 313 967 tenderat
330 889 451 989 Sejano
464 900 601 980 manus,
630 896 663 964 δι
678 891 799 964 contra
816 889 988 963 tendentis
1004 916 1043 962 os
1056 916 1134 988 uer-

155 1018 345 1088 beraverat.
396 1012 508 1108 Igitur
524 1014 652 1084 cunila
675 1011 822 1084 tentanti
840 1009 1135 1109 promptissrmum

157 1134 284 1224 visum,
310 1133 356 1204 ad
373 1157 519 1204 uxorem
544 1130 616 1228 ejus
637 1132 780 1205 Liviam
801 1140 1028 1216 convertere;
1056 1157 1134 1229 quae

158 1254 251 1327 soror
279 1252 496 1343 Germanici,
525 1250 644 1327 sormae
674 1252 774 1326 initio
807 1250 916 1326 aetatis
945 1250 1132 1346 indecora,

56 1354 62 1361 .
159 1400 246 1447 mox
264 1371 522 1477 pulchritudine
540 1374 768 1470 praecellebat.
819 1375 942 1462 Hanc,
960 1373 998 1447 ut
1016 1397 1135 1445 amore

158 1493 328 1583 incensus,
366 1493 536 1566 adulterio
563 1494 729 1590 pellexit:
757 1497 790 1565 &
816 1493 1005 1592 postquam
1030 1492 1135 1591 primi

158 1614 282 1713 flagitii
310 1613 440 1711 potitus
462 1614 525 1702 est,
555 1592 687 1712 (neque
716 1611 858 1704 semina,
885 1613 1005 1689 amissa
1031 1613 1133 1712 pudi,

50 1759 69 1768 ·’
157 1735 251 1824 citis,
274 1736 340 1808 alia
357 1733 534 1829 abnuerit)
554 1734 597 1807 ad
616 1731 768 1832 conjugii
784 1732 896 1831 spem,
922 1732 1133 1808 consortium

158 1856 274 1954 regni,
302 1861 335 1929 ἃ
354 1881 477 1928 necem
496 1853 608 1928 mariti
637 1854 789 1952 impulit.
840 1859 961 1953 Atque
978 1854 1049 1945 illa,
1077 1854 1135 1928 cui

158 1978 350 2050 avunculus
364 1976 559 2075 Augustus,
584 1973 679 2048 socer
701 1974 879 2065 Tiberius,
906 2001 950 2048 ex
966 1974 1079 2049 Druso
1094 1974 1135 2048 li·

77 2133 80 2137 >
159 2097 246 2187 beri,
272 2095 377 2194 seque
392 2123 433 2170 ac
458 2095 607 2195 majores
624 2101 657 2169 ὅτ
682 2094 838 2193 posteros
863 2095 1069 2194 municipali
1098 2122 1134 2170 a·

155 2217 291 2291 dultero
311 2215 468 2291 soedabat
480 2247 491 2303 ;
518 2223 561 2290 ut‘
578 2242 643 2314 pro
666 2215 868 2290 honestis&
894 2216 1151 2313 praesentibus„

156 2337 327 2440 flagitiosa
351 2344 385 2412 &
404 2339 535 2412 incerta
548 2336 771 2436 exspectaret.
821 2337 975 2414 Sumitur
994 2328 1031 2412 iu
1048 2364 1134 2411 con,

156 2459 334 2532 scientiam
364 2458 560 2545 Eudemus,
586 2457 720 2532 amicus
747 2483 789 2532 ae
818 2456 973 2532 modicus
1001 2455 1131 2547 Liviae,

156 2578 267 2675 specie
296 2575 375 2648 artis
401 2573 563 2674 frequens
587 2575 744 2656 secretis:
774 2577 871 2676 pellit
904 2580 1014 2652 domo
1041 2575 1133 2676 Seja-

157 2723 222 2769 nus
238 2722 389 2771 uxorem
406 2697 607 2794 Apicatam,
633 2724 678 2772 ex
705 2703 774 2797 quls
790 2719 859 2773 tres
876 2699 1000 2772 liberos
1024 2723 1134 2795 genu,

74 2912 81 2919 ι
156 2837 240 2907 erat,
266 2844 310 2890 ne
333 2817 448 2915 pellici
464 2816 720 2914 suspeslaretu‘r.
771 2820 839 2893 Sed
858 2815 1065 2916 magnitudo
1082 2815 1133 2889 sa·
1201 2856 1204 2866 ·

157 2937 280 3013 cinoris
298 2958 445 3028 metum,
464 2932 688 3036 prolationes,
706 2938 840 3017 diversa
855 2937 1030 3020 interdum
1049 2964 1132 3012 con,

157 3057 227 3133 filia
242 3055 431 3133 adferebat.

204 3181 268 3252 IV.
295 3179 477 3251 Iuranrsr
511 3180 594 3255 anni
623 3180 808 3279 principio,
835 3180 966 3256 Drusus
982 3207 1027 3256 ex
1044 3183 1131 3255 Ger-

157 3298 288 3375 manici
319 3298 436 3375 liberis
464 3320 585 3398 togam
616 3300 755 3375 virilem
779 3299 959 3400 sutnpfit3·
983 3327 1133 3400 quaeque
1224 3336 1229 3346 ¹

50 3409 54 3414 ’
158 3418 250 3493 fratri
279 3416 350 3516 ejus
380 3420 515 3493 Neroni
548 3421 748 3502 decreverat
785 3420 932 3512 senatus,
967 3421 1130 3519 repetita:

155 3538 291 3613 addidit
315 3539 508 3616 orationem
530 3539 656 3631 Caesar,
694 3543 803 3616 multal
829 3567 912 3616 cum
941 3543 1043 3616 laude
1069 3542 1132 3620 lilii

157 3658 221 3750 sui,
250 3667 278 3708 “
293 3658 390 3758 quod
408 3658 517 3757 patriai
540 3662 781 3737 benevolentia
800 3663 838 3737 in
860 3662 971 3737 sratris
1008 3661 1134 3736 liberos
1161 3672 1163 3675 ’

159 3789 188 3838 “
207 3779 333 3872 soret.''
377 3783 476 3874 Nam
492 3778 628 3862 Drusus
649 3784 885 3895 (quamquam
901 3784 1053 3869 arduum
1079 3785 1132 3871 fit,
