2602 4716
84 343 132 417 90
270 316 623 388 ecorum
658 315 863 386 Tncrrr

84 487 178 587 polle
195 485 328 556 bellum
345 488 492 582 patrari:
520 487 576 559 sed
593 487 717 560 crebris
733 485 879 582 epistolis
895 486 1064 562 Tiberius

84 605 263 691 monebat,
292 612 318 646 “
338 606 468 679 rediret
483 609 529 679 ad
544 608 724 680 decretum
742 607 978 702 triumphum:
1008 609 1061 683 sa-

83 731 111 769 “
128 721 168 792 tis
178 719 257 818 jam
274 745 481 817 eventuum,
500 726 575 798 satis
592 724 752 800 casuum:
777 723 936 822 prospera
954 727 1002 799 illi
1022 735 1058 802 δε
1090 797 1092 801 «

83 850 110 887 “
128 866 257 938 magna
273 845 417 939 proelia:
442 872 563 918 eorum
581 872 724 941 quoque
740 845 956 935 meminiffet,
977 871 1058 941 quae
1137 880 1145 892 ·

83 971 110 1009 “
129 961 220 1034 venti
239 967 273 1035 δι
291 966 432 1053 Πυᾶυε,
447 967 543 1038 nulla
559 964 658 1038 ducis
673 966 725 1037 cul
730 966 787 1060 pal,
802 963 921 1061 gravia
936 985 1058 1044 tamen

83 1093 110 1128 “
128 1087 160 1155 ἃ
177 1078 266 1154 saesra
283 1084 413 1157 damna
428 1084 633 1158 intulissent:
655 1082 688 1157 se
704 1083 824 1157 novies
840 1110 859 1156 a
876 1083 959 1157 divo
977 1089 1040 1158 Au
1106 1146 1109 1147 f

84 1210 110 1246 “
129 1201 229 1299 gusto
263 1201 299 1274 in
333 1203 563 1277 Germaniam
596 1178 749 1294 millum,
787 1207 885 1300 plura
914 1204 1058 1277 consilio

72 1319 109 1365 “‘
129 1322 237 1420 quam
267 1322 303 1394 vi
334 1313 519 1420 perfecisse.
567 1326 621 1398 Sic
649 1326 864 1422 Sugambros
892 1323 928 1395 in
956 1324 1057 1398 dedi-

82 1443 259 1516 “tionem
281 1465 457 1540 acceptos,
483 1449 526 1519 stc
548 1449 691 1535 Suevos,
717 1470 908 1543 regemque
932 1446 1058 1521 Maro-

83 1573 110 1607 “
130 1567 290 1638 boduum
314 1589 398 1660 pace
420 1564 649 1638 obstridum:
678 1568 773 1663 poffe
795 1572 829 1638 δι
850 1563 1055 1655 Cheruscos,

83 1693 111 1729 ‘⁴
130 1681 532 1781 ceterasquerebellium
558 1705 691 1782 gentes,
719 1687 861 1784 quando
884 1689 1058 1765 Romanae

82 1802 252 1875 “ultioni
279 1802 474 1876 consultum
504 1806 598 1897 effer,
630 1805 770 1881 internis
799 1803 973 1880 discordiis
1003 1831 1058 1879 re«

81 1931 109 1965 “
127 1922 278 2018 linqui.''
343 1925 510 1996 Precante
538 1925 749 1998 Germanico
784 1951 915 1998 annum
950 1925 1059 2000 effici-

80 2040 176 2115 endis
202 2042 341 2137 coeptis,
370 2042 478 2115 acrius
508 2044 712 2116 modestiam
740 2043 811 2141 ejus
839 2043 1057 2140 adgreditur,

81 2165 225 2236 alterum
248 2161 464 2235 consulatum
486 2163 677 2252 offerendo,
702 2161 799 2261 cujus
824 2161 944 2235 munia
968 2188 1057 2257 prae-

82 2283 156 2357 sens
184 2281 319 2356 obiret:
356 2275 456 2356 fimul
484 2285 700 2373 adnedebat,
728 2286 797 2356 “s1
826 2280 914 2355 foret
940 2284 1070 2358 adbuc·

84 2411 111 2448 “
131 2404 346 2493 bellandum,
372 2403 579 2500 relinqueret
602 2403 789 2477 'materiem
813 2404 914 2475 Drusi
943 2400 1059 2475 fratris

85 2534 112 2568 “
133 2522 265 2623 gloriae,
290 2522 351 2620 qui
374 2526 472 2596 nullo
495 2544 570 2596 tum
593 2523 661 2596 alio
678 2522 789 2615 hoste,
813 2523 945 2597 nonnifi
962 2523 1058 2618 apud

85 2653 112 2689 “
131 2642 333 2717 Germanias
350 2641 491 2741 adsequi
508 2670 638 2717 nomen
655 2642 928 2741 imperatorium,
945 2648 978 2716 δι
995 2643 1057 2715 de-

82 2774 261 2862 “portare
288 2765 441 2839 lauream
468 2766 612 2861 pollet?
662 2766 773 2838 Haud
803 2765 982 2837 eundatus
1007 2762 1058 2836 est

81 2886 171 2957 ultra
189 2884 430 2975 Germanicus,
461 2911 675 2983 quamquam
692 2883 778 2982 fingi
796 2908 849 2973 ea,
876 2881 980 2981 seque
997 2908 1061 2979 per

83 3003 252 3077 invidiam
270 3026 370 3100 parto
379 3004 456 3102 jam
472 3005 589 3078 decori
607 2988 756 3079 abstrahi
772 3003 990 3101 intelligeret.

131 3125 285 3198 XXVII.
310 3125 385 3197 Sua
413 3151 515 3198 rnen
538 3147 691 3221 tempus,
719 3151 737 3197 e
765 3121 897 3196 familia
922 3122 1055 3194 Scribo-

83 3245 221 3316 niorum
251 3243 347 3317 Libo
375 3243 506 3317 Drusus
535 3244 685 3318 defertur
711 3242 828 3318 moliri
856 3269 908 3315 res
937 3267 1056 3314 novas.

85 3361 168 3457 Ejus
186 3364 318 3461 negotii
335 3363 483 3452 initium,
500 3363 674 3451 ordinem,
694 3365 804 3435 finem
820 3361 972 3435 curatius
988 3359 1054 3431 dis·

82 3480 211 3564 seram3
242 3485 325 3578 quia
347 3506 421 3558 tum
444 3482 596 3580 primiim
619 3504 753 3579 reperta
774 3481 865 3570 lunt,
893 3505 970 3576 quae
993 3502 1055 3573 per

80 3618 131 3675 tot
153 3613 261 3668 annos
286 3602 540 3699 rempublicam
563 3604 721 3676 exeddre.
772 3601 921 3676 Firmius
945 3598 1053 3671 Catus

81 3716 227 3809 senat0r2
245 3740 292 3796 ex
310 3723 431 3798 intimal
448 3721 596 3798 Libonis
614 3722 779 3812 amicitia,
797 3720 966 3821 juvenem
984 3716 1052 3793 im-
