2796 4724
308 354 614 444 A‘rrnaaronr
644 365 757 441 Lra.
779 366 849 441 111:
1043 369 1111 468 ¹⁸7

137 553 207 632 tor,
224 526 396 618 Brutidibs
413 542 527 642 Niger
548 541 671 632 aedilis,
695 542 796 616 srmul
822 537 1028 638 corripiunt,
1048 547 1116 620 ob-
1240 616 1244 623 .

49 672 52 686 '
132 659 336 762 jociantque
370 664 584 739 “violatum
621 662 775 762 Augusti
798 683 944 752 numen,
971 660 1118 760 spretam

140 783 321 858 “Tiberii
355 784 604 884 majestatem.''
653 789 855 891 Mamercus
883 783 1027 882 antiqua
1055 809 1117 859 ex-

135 909 253 1004 empla
273 904 421 1006 jaciens,
450 915 478 950 “
495 888 547 980 L
558 907 700 979 Cottam
719 932 739 978 a
755 904 915 1004 Scipione
933 904 1115 999 Africano,

136 1009 165 1071 ‘³
183 1029 253 1101 Ser.
265 1028 423 1100 Galbam
446 1053 467 1100 a
491 1007 625 1101 Catone
642 1024 809 1116 censorio,
834 1027 875 1098 P.
896 1024 1071 1101 Rutilium
1095 1053 1117 1104 a

137 1154 165 1191 “
183 1148 241 1221 M.
259 1151 390 1222 Scauro
407 1146 620 1221 accusatos.”
656 1146 825 1220 Videlicet
842 1144 958 1244 Scipio
973 1150 1009 1220 bc
1023 1147 1118 1222 Cato

13 1317 20 1329 ι
136 1269 217 1342 talia
243 1265 516 1381 ulciscebantur3
542 1288 602 1342 aut
620 1267 679 1342 ille
695 1270 856 1358 Scaurus,
882 1290 990 1373 quem
1014 1293 1116 1366 proa-

138 1414 227 1462 vum
242 1386 358 1478 suum,
375 1387 607 1485 opprobrium
625 1386 796 1486 majorum
819 1390 1037 1487 Mamercus,
1061 1389 1116 1463 in·

139 1506 224 1582 sami
242 1511 347 1607 operrl
363 1507 620 1583 dehonestabat.
658 1508 766 1603 Junio
779 1507 914 1586 Othoni
929 1508 1116 1584 literarium

138 1628 263 1702 ludum
283 1654 451 1704 exercere
479 1650 580 1702 vetus
609 1654 661 1702 ars
683 1624 772 1700 fuit:
805 1654 890 1701 mox
917 1628 1027 1728 Sejani
1051 1656 1115 1729 po-

137 1751 243 1827 tentifi
277 1751 424 1840 senator,
449 1749 594 1824 obscura
619 1748 716 1823 initia
744 1748 1004 1846 impudentibus
1030 1756 1116 1826 ausrs

111 1965 113 1973 Ι
139 1873 367 1971 propellebat.
396 1870 593 1946 Brutidium
609 1870 740 1946 artibus
757 1870 905 1945 honestis
920 1871 1114 1971 copiosum,

138 1999 187 2085 ἃ,
220 1998 242 2068 fi
270 1996 406 2068 reclum
422 1992 487 2066 iter
504 2013 676 2090 pergeret,
699 1992 744 2065 ad
764 1991 943 2067 clariffima
967 2018 1117 2094 quaeque

134 2114 277 2206 iturum,
291 2113 464 2190 festinatio
481 2113 739 2203 exstimulabat,
757 2114 846 2188 dum
856 2096 1020 2214 aquales,
1034 2118 1115 2192 dein

135 2233 336 2333 superiores,
368 2235 547 2334 postremi)
574 2233 718 2308 suasmet
733 2233 803 2333 ipse
818 2233 893 2333 spes
909 2237 1038 2312 anteire
1053 2262 1127 2338 pa·-

133 2376 207 2431 rat:
233 2359 331 2457 quod
350 2358 480 2430 multos
497 2355 601 2430 etiarn
620 2357 732 2429 bonos
757 2357 889 2452 pessum
908 2357 1019 2446 dedit,
1039 2360 1114 2455 qui,

135 2476 254 2575 spretis
277 2503 357 2574 quae
387 2479 485 2551 tarda
506 2503 589 2551 cum
613 2474 806 2567 securitate,
833 2497 1040 2574 praematura
1058 2479 1116 2552 vel

135 2622 221 2670 cum
245 2597 353 2670 exitio
378 2591 578 2696 properant.

186 2718 339 2793 LXVII.
362 2722 535 2793 Aurana
560 2744 747 2793 numerum
772 2718 1010 2793 accusatorum
1030 2718 1114 2794 Gel-

135 2839 200 2914 lius
216 2831 396 2939 Poplicola
414 2844 519 2916 &llll
535 2840 727 2914 Paconius:
751 2840 815 2916 ille
828 2839 977 2940 qnaestor
993 2839 1113 2945 Silani,
1226 2831 1228 2845 ⁴

135 2959 192 3034 hic
207 2962 350 3060 legatus.
400 2964 480 3035 Nec
491 2962 642 3037 dubium
659 2963 864 3053 habebatur,
882 2961 1018 3037 saevitiae
1031 2985 1114 3061 cap·
1196 2974 1203 2985 “

135 3100 321 3179 earumque
344 3082 567 3179 pecuniarum
606 3083 716 3158 teneri
754 3107 877 3157 reum:
909 3080 969 3157 sed
1002 3086 1115 3158 multa

135 3204 391 3301 adgerebantur
420 3203 524 3277 etiam
549 3202 740 3278 insontibus
767 3204 976 3308 periculosa3
1014 3205 1112 3297 cum,

135 3321 246 3431 super
259 3343 312 3397 tot
339 3321 508 3398 senatores
532 3322 706 3414 adversos,
729 3323 976 3398 sacundiffimis
1006 3322 1114 3399 totius

136 3445 241 3535 Afiae,
264 3444 378 3542 eoque
403 3445 448 3518 ad
464 3442 695 3520 accusandum
713 3446 866 3535 delestis,
891 3441 1113 3544 responderet
1163 3450 1166 3460 ’

136 3562 241 3656 solus,
268 3570 303 3638 δι
325 3564 448 3638 orandi
462 3564 605 3656 nescius,
624 3566 765 3665 proprio
777 3566 813 3640 in
830 3585 941 3655 metu,
957 3568 1026 3667 ‚qui
1050 3592 1113 3644 ex·

134 3687 277 3763 ereitam
294 3709 439 3787 quoque
460 3687 697 3785 eloquentiam
720 3685 908 3762 debilitata
930 3713 1001 3762 non
1023 3710 1113 3763 tem-

60 3895 62 3900 ,
135 3831 275 3915 perante
290 3805 450 3900 Tiberin,
479 3807 564 3908 quin
595 3829 765 3908 premeret
792 3833 895 3903 voce,
926 3812 1043 3901 vultu,
1071 3804 1114 3883 eb
