2834 4732
393 323 707 406 Aunnstun
740 266 855 397 m
889 319 917 394 Ι.
1096 346 1140 423 57

164 502 195 541 “
209 492 305 595 quod
332 497 355 569 fi
380 495 554 595 sugerent,
582 500 698 596 plures
726 501 837 589 silvas,
867 494 1054 593 profundas
1070 526 1144 574 ma-

165 620 259 717 “gis
294 620 450 716 paludes,
488 617 654 693 saevitiam
693 618 843 692 hostium
881 618 1071 716 superesse:
1110 643 1145 694 at

163 749 191 783 “
206 740 395 815 vistoribus
427 741 547 832 decus,
592 740 741 840 gloriam
757 749 780 812 ι’
810 766 889 838 quae
921 738 1019 811 domi
1052 767 1143 832 cara,
1249 829 1253 847 Ι

163 869 189 904 “
203 888 281 960 quae
309 862 344 934 in
372 862 488 935 castris
514 862 697 951 honesta'',
725 880 918 963 memorat:
948 859 1081 935 reticuit
1099 866 1145 935 de

161 986 319 1057 adversis.
371 986 494 1082 Equos
518 982 659 1071 dehinc,
686 980 818 1054 orsusa
842 979 922 1070 suis,
949 983 1145 1078 legatorum

162 1103 471 1202 tribunorumque,
499 1105 593 1176 nulla
627 1101 832 1192 ambitione,
858 1100 1037 1174 sortiffuno
1069 1105 1143 1177 cui-

161 1251 235 1323 que=
249 1225 406 1300 bellatori
424 1224 543 1315 tradit,
571 1243 610 1296 ut
627 1224 677 1314 hi,
705 1249 793 1296 mox
810 1223 928 1320 pedes,
954 1222 990 1293 in
1007 1223 1143 1300 hostem

161 1347 374 1420 invaderent.

212 1469 382 1539 LXVIII.
396 1469 535 1539 Hson
554 1488 681 1538 Minus
700 1464 833 1563 inquies
845 1468 1053 1560 Germanus,
1071 1468 1142 1566 spe,

161 1585 342 1683 cupidine,
385 1593 418 1660 ὅτ
452 1588 590 1660 diversis
621 1589 754 1659 ducum
793 1584 960 1659 sententiis
992 1593 1141 1685 agebat:

163 1706 341 1796 Armini0,
370 1710 560 1780 “sinerent
590 1708 723 1807 egredi,
760 1704 976 1806 egressosque
1009 1708 1143 1784 rursum

163 1837 190 1908 ‘‚‘
206 1854 267 1925 per
290 1827 436 1901 humida
460 1809 493 1902 dc
518 1827 1043 1926 impedita‘circumvenirent'',
1070 1830 1144 1906 sua·

161 1951 291 2022 dente:
318 1948 488 2022 atrociora
503 1948 761 2048 .Ingniomer0,
798 1955 832 2024 δε
866 1953 944 2024 laeta
975 1953 1144 2047 barbaris,

161 2079 190 2114 “
204 2090 242 2145 ut
266 2072 400 2144 vallum
429 2070 533 2144 annis
559 2072 755 2145 ambirent:
784 2094 987 2171 promptam
1003 2097 1142 2176 expug-

160 2199 187 2235 “
202 2194 391 2284 nationem,
431 2195 547 2291 plures
579 2194 753 2291 captivos,
785 2193 1027 2293 incorruptam
1056 2219 1143 2296 prae-

159 2319 185 2357 “
199 2315 280 2388 darn
314 2313 424 2387 fore.''
475 2315 588 2413 Igitur
616 2318 689 2392 orta
718 2314 788 2404 die,
828 2338 1004 2412 proruunt-
1026 2317 1141 2410 fossas,

158 2433 313 2533 injiciunt
330 2456 453 2526 crates,
480 2434 617 2509 summa
640 2435 722 2509 valli
741 2434 914 2533 prensant,
942 2464 1019 2511 raro
1043 2439 1144 2539 super

159 2556 282 2644 milite,
322 2562 355 2629 δι
388 2561 484 2654 quasi
517 2560 565 2631 ob
598 2577 733 2630 metum
764 2560 897 2632 defixo.
952 2561 1143 2661 Postquam

159 2674 287 2749 haesere
327 2678 565 2769 munimentis,
609 2680 710 2752 datur
750 2682 953 2754 cohortibus
991 2686 1141 2780 signum,

158 2824 357 2898 cornuaque
381 2825 421 2872 ac
449 2802 543 2873 tubae
568 2801 798 2875 concinuere:
827 2802 909 2875 exin
931 2803 1082 2875 elamore
1108 2808 1144 2878 δι

160 2916 295 3013 impetu
339 2921 447 3018 tergis
495 2923 754 2995 Germanorum
795 2920 1141 3016 circumfunduntur,

159 3039 424 3134 exprobrantes,
453 3048 567 3113 “non
588 3044 646 3117 bic
673 3044 784 3135 silvas,
812 3068 876 3117 nec
901 3045 1058 3140 paludes,
1084 3045 1143 3120 sed

161 3158 313 3256 “aequis
340 3160 425 3234 locis
457 3186 576 3260 aequos
603 3165 724 3238 deos.”
775 3164 893 3254 Hosti,
920 3164 1019 3239 facile
1047 3167 1143 3241 exci-

158 3279 275 3371 dium,
319 3287 353 3355 &
384 3309 513 3379 paucos
549 3284 795 3361 &semermos
821 3287 1003 3386 cogitanti,
1040 3285 1143 3362 sonus
1207 3344 1209 3352 ι

158 3403 336 3492 tubarum,
355 3403 470 3503 fulgor
495 3432 686 3498 armorum,
706 3411 838 3507 quanto
863 3409 1018 3507 inopina,
1045 3408 1160 3483 tantia·
1215 3435 1218 3442 ⁴

157 3520 290 3619 majora
318 3525 573 3601 offunduntur:
603 3532 858 3628 cadebantque,
890 3552 929 3603 ut
958 3535 1060 3607 rebus
1092 3531 1141 3606 se·

156 3643 280 3717 cundis
308 3645 416 3736 avidi,
443 3648 490 3721 ita
518 3652 667 3723 adversrs
696 3651 838 3725 incauti.
890 3653 1070 3728 Arminius
1088 3653 1141 3725 in-

156 3782 266 3863 teger,
294 3767 540 3867 Inguiomerus
571 3770 647 3875 post
676 3798 784 3871 grave
811 3776 951 3867 vulnus,
983 3799 1144 3873 pugnam
1209 3759 1211 3763 ¹
