2738 4710
100 309 128 365 -'
212 302 316 387 xxxii

214 482 249 577 J.
267 456 463 554 Gronovius
480 472 637 575 pluribus
648 469 735 552 locis
761 476 851 575 (vid.
870 503 905 550 v.
919 476 1012 554 c.·ad
1029 473 1113 571 XV,
1132 483 1193 573 64.

162 671 163 675 ,
214 601 315 688 XVI,
339 624 369 671 1.
386 599 469 688 XV,
492 624 545 671 11.
565 617 645 678 not.
663 624 693 671 1.
715 625 770 674 10.
792 598 856 673 ubi
873 598 959 673 mire
979 598 1012 673 se
1029 600 1192 699 expedit)

138 754 141 758 ⁸
204 718 367 822 irascitur
382 720 564 809 Beroaldo,
587 720 699 809 aliter,
724 745 832 816 quam
849 719 884 792 in
903 720 1104 795 Florentino
1121 722 1193 796 Co—

213 838 291 914 dice
305 837 399 930 effer,
424 839 554 928 edenti,
581 839 787 937 quaeritque,
810 841 872 913 ubi
888 841 1008 913 oculos
1025 841 1193 916 habuerit.

211 952 355 1057 Nempe
373 959 568 1067 longissime
591 962 636 1034 ab
664 960 726 1033 illo
749 960 1121 1054 Codice'Florentin0,⁴
1141 961 1193 1037 se.

213 1072 323 1178 quens
341 1105 450 1151 unum
467 1082 672 1177 exemplum
690 1081 788 1154 suum
802 1084 989 1177 Venetam.
1026 1083 1094 1155 Sed
1109 1108 1191 1182 age,

211 1198 381 1297 exemplis
397 1199 530 1298 aliquot
544 1200 665 1297 prater
682 1226 734 1292 ea,
754 1228 832 1300 quae
848 1223 929 1276 ante
946 1202 1193 1295 indicavimus,

211 1320 344 1420 potitis,
369 1346 442 1394 rem
458 1323 600 1418 ,planam
623 1318 801 1396 faciamus.
853 1325 1017 1412 A.XlII,
1040 1350 1094 1413 14.
1115 1323 1194 1397 init.

212 1446 246 1517 δι
275 1442 328 1516 Η.
354 1444 419 1532 lV,
450 1467 507 1514 21.
538 1435 618 1518 MS.
648 1444 745 1515 Flot.
774 1444 966 1516 arbitrium:
990 1446 1064 1518 Ber.
1091 1443 1194 1542 priori
1326 1523 1329 1535 ,

211 1563 291 1637 loco
328 1565 509 1655 arbitrium,
545 1564 653 1637 altero
684 1565 854 1656 arbitrum,
880 1585 934 1638 .ut
971 1566 1193 1639 Puteolanus.

210 1685 315 1772 XIII,
343 1709 401 1755 21.
432 1706 522 1758 extr.
549 1685 699 1758 verbum
728 1700 830 1757 mater
855 1685 950 1758 abest
975 1675 996 1758 a
1023 1686 1117 1758 Flor.
1146 1685 1196 1758 est

211 1830 268 1901 ap.
293 1805 370 1877 Ber.
389 1802 449 1876 nbi
475 1807 509 1898 J.
527 1806 636 1877 Gron.
667 1806 792 1875 interim
809 1828 869 1877 vox
885 1825 994 1878 mater
1020 1832 1075 1876 non
1098 1807 1196 1899 atta
1224 1794 1225 1799 ¹

211 1920 402 2019 vetustiffimo
418 1921 575 2011 Mediceo,
600 1925 795 2019 undecunque
820 1948 887 1994 rara
903 1928 1081 2019 arripuerit
1098 1925 1195 1997 Bera-

209 2046 322 2117 aldus:
351 2066 480 2138 nempe
496 2067 515 2115 e
533 2043 749 2128 Puteolan03
779 2062 816 2115 ut
840 2068 871 2116 c.
890 2067 948 2140 25.
962 2046 1190 2140 gladiatorum,

211 2189 276 2263 pro
287 2161 493 2259 gladiatores,
520 2161 617 2259 quod
633 2160 682 2235 est
706 2161 742 2234 in
761 2164 853 2235 Flor.
871 2188 902 2236 c.
921 2189 979 2260 31·
1002 2165 1192 2257 extruserat,

203 2312 278 2385 ,pro
299 2297 481 2358 extruxerat
508 2301 575 2359 etc.
615 2281 744 2367 ¹Etiam
774 2304 912 2380 peccata
940 2282 1194 2380 typographica
1231 2313 1233 2319 ’

93 2472 97 2477 ,
210 2405 336 2481 Veneti
360 2404 440 2479 libri
456 2402 584 2477 servata
612 2404 678 2477 effe
706 2402 741 2476 in
758 2401 962 2476 Beroaldina
988 2424 1081 2501 patet
1108 2431 1143 2478 v.
1161 2432 1195 2480 c.

211 2531 259 2604 A.
272 2528 378 2616 XIII,
392 2553 451 2623 49.
476 2523 512 2596 in
524 2526 631 2598 verbo
647 2526 814 2619 innodabat,
838 2551 901 2622 pro
914 2528 1082 2598 incedebat.
1107 2527 1193 2617 XV,

213 2652 271 2746 58.
294 2647 331 2720 in
347 2648 479 2718 tatarum
504 2671 568 2742 pro
585 2647 737 2717 letatum.
778 2645 987 2720 Diffensusa
1002 2648 1194 2722 Puteolano

211 2769 375 2865 exempla
399 2765 477 2840 sunt
501 2764 602 2856 XIV,
632 2786 668 2862 ⁴9.
699 2764 734 2837 in
754 2766 943 2862 produntur.
971 2792 1002 2839 c.
1024 2770 1079 2839 16.
1102 2787 1194 2840 extr.

211 2889 249 2965 in
280 2889 482 2962 eruebantur.
508 2912 539 2959 c.
569 2911 623 2982 17.
656 2887 692 2958 in
722 2893 911 2959 contentione.
953 2888 1039 2978 XV,
1072 2913 1130 2984 30.
1158 2886 1195 2960 in

207 3009 322 3106 postero
337 3027 404 3080 etc.
443 3004 657 3105 Hujuslibri
675 3008 1016 3106 exemplumbabui,
1043 3008 1195 3107 primum
1339 3078 1341 3091 ,

211 3125 366 3202 editurus
390 3127 455 3197 hos
484 3124 588 3226 libros
614 3152 633 3198 e
662 3128 876 3202 Bibliotheca
904 3128 1032 3202 Dtrcali
1059 3126 1194 3199 Vinari-

210 3248 294 3333 enfi,
312 3244 467 3342 inquam
492 3247 585 3316 cM.
600 3245 709 3319 Gudii
726 3247 937 3320 bibliotheca
954 3272 1015 3342 per
1029 3247 1193 3320 Sehurtz·

211 3360 405 3442 fleischium
421 3364 556 3437 illatum
575 3362 649 3448 est;
676 3389 749 3438 non
774 3369 889 3441 multo
906 3366 983 3464 post
1007 3365 1085 3439 emi
1103 3367 1191 3441 mihi

211 3480 461 3604 pulcerriaium
478 3504 498 3558 e
514 3482 695 3557 Britannia.

723 3607 857 3681 Ernesti
879 3633 915 3704 p.
929 3552 1132 3700 244-28·
1249 3586 1251 3592 Ι
