2512 4680
357 328 662 401 nonnarum
691 326 806 397 Lrs.
836 326 900 398 IV.
955 355 958 363 ¹
1099 359 1170 436 ²27

184 495 269 579 sonti
296 497 465 596 potentis,
498 496 644 571 credunt
669 496 848 597 exstingui
877 501 975 595 posse
993 502 1100 578 etiam
1116 476 1190 580 sse-⁸

182 619 317 717 quentis
339 618 407 693 aevi
424 617 647 695 memoriam.
697 621 796 693 Nam
811 619 947 709 contri,
966 624 1095 718 punitis
1110 626 1165 699 iu-

53 820 57 823 ,
180 739 300 838 geniis,
328 739 443 841 gliscit
463 737 653 817 ,auctoritas
669 765 678 810 ε
695 748 828 839 'neque
840 739 936 813 aliud
955 743 1092 815 externi
1110 770 1164 818 re-

176 885 249 957 ges,
272 880 331 934 aut
359 861 422 960 qui
438 863 564 936 casdem
580 859 782 939 saevitisuli
810 858 903 950 sunt,
926 859 987 934 nis1
1008 863 1161 938 dedecus

87 1019 89 1023 ⁴
174 980 249 1073 fibi,
275 1004 382 1082 atque
406 982 476 1057 illis
502 980 654 1082 gloriam
678 983 856 1080 peperere.
912 1020 928 1059 ,·

221 1104 397 1178 XXXVI.
422 1104 622 1178 Curnnuru
641 1100 858 1202 postulandis
882 1101 961 1193 reis,
985 1123 1158 1179 tamcon-

173 1221 291 1298 tinuus
308 1250 419 1299 annus
436 1221 516 1315 suit,
543 1244 582 1297 ut
609 1221 769 1298 seriarum
791 1221 1004 1296 Latinarum
1016 1224 1156 1316 diebus,

72 1344 76 1358 ’
172 1342 382 1419 Praeseslum
397 1344 508 1420 Urbis
534 1343 704 1435 Drusum,
731 1343 934 1442 auspicandi
963 1346 1071 1443 gratiss
1096 1347 1156 1419 tri-

175 1465 283 1541 bunal
321 1464 526 1564 ingressum,
572 1464 695 1572 adierit
724 1464 934 1562 Calpurnius
973 1464 1154 1542 Salvianus

175 1582 212 1658 in
235 1586 318 1660 Seis
328 1585 510 1661 Marium:
544 1588 641 1684 quod
669 1613 690 1661 a
714 1583 848 1660 Caesare
866 1587 982 1682 palam
1007 1586 1156 1684 increpi-

171 1722 263 1797 tum,
292 1706 391 1782 causa
419 1707 525 1782 exsilii
542 1708 702 1782 Salviano
720 1706 797 1781 fuit.
818 1767 824 1783 .
848 1705 996 1806 Objesia
1014 1709 1156 1806 publice}

171 1825 358 1922 Cyzicenis
378 1837 407 1874 “
425 1829 557 1905 incuria
575 1828 850 1903 carimoniarum
868 1828 942 1902 divi
960 1813 1155 1928 Augusti,'’
1210 1876 1212 1879 ν

171 1946 297 2024 additis
321 1956 348 1994 “
359 1951 531 2026 violentiae
544 1949 746 2025 criminibus
758 1950 947 2024 adversbm
966 1941 1066 2030 cives
1076 1953 1153 2024 Ro·

172 2072 201 2112 “
217 2095 340 2146 manos
356 2056 394 2145 :⁵’
417 2076 452 2147 δι
464 2072 611 2147 amisere
627 2071 833 2163 libertatem,
848 2068 955 2170 quam
968 2071 1063 2144 bello
1075 2071 1152 2144 Mi·

168 2189 324 2270 thridatis
361 2215 556 2270 meruerant
580 2191 801 2285 circumsessi,
844 2187 920 2267 nec'
942 2191 1060 2267 mimis
1093 2192 1152 2270 sus
1237 2216 1241 2225 ·

167 2312 368 2407 constantii,
396 2318 506 2411 quam
540 2313 699 2409 praesrdio
722 2311 880 2398 Luculli,
918 2309 1018 2405 pulso
1055 2335 1151 2407 rege.

44 2503 52 2514 ,
160 2432 219 2511 'At
243 2433 409 2507 Fonteius
425 2431 575 2526 Capito,
593 2428 655 2524 qui
669 2425 852 2522 proconsul
866 2430 986 2500 Asiam
1005 2451 1151 2502 curave-

167 2569 232 2641 rat,
254 2549 457 2637 absolvitur,
482 2566 665 2644 comperto
687 2547 769 2619 sista
804 2544 852 2617 in
875 2569 958 2618 eum
988 2544 1148 2642 crimina,
1251 2574 1254 2600 ¹

168 2693 232 2766 per
263 2669 410 2745 Vibium
437 2672 630 2744 Serenum:
665 2692 782 2767 neque
807 2686 925 2741 tamen
957 2665 996 2741 id
1021 2669 1149 2757 Sereno
1188 2674 1203 2699 ⁴

168 2815 271 2865 noxae
296 2789 375 2883 suit,
399 2817 508 2891 quem
534 2788 657 2865 odium
685 2788 870 2887 publicum
898 2785 1064 2861 tutiorem
1098 2785 1162 2865 sa-x

36 2894 44 2902 ’
114 2955 131 2974 ι
168 2909 303 2986 ciebat:
339 2938 424 2987 nam
464 2931 504 2986 ut
527 2909 606 3009 quis
626 2908 810 2986 distristior
838 2907 1028 2999 accusator,
1052 2908 1150 2987 velut

167 3026 396 3107 sacrosanctus
430 3051 526 3109 erat:
565 3031 673 3123 leves,
703 3028 891 3132 ignobiles,
918 3026 1033 3127 poenis
1060 3028 1149 3103 aufi-
1238 3127 1241 3132 Ι

166 3138 362 3229 ciebantur.
864 3236 866 3240 v

216 3275 408 3350 xxxvn.
434 3275 515 3348 Psn
534 3271 629 3346 idem
646 3292 786 3372 tempus
803 3271 977 3371 Hispania
992 3268 1147 3363 ulterior,

167 3392 272 3476 uriilis
299 3394 345 3468 ad
374 3391 530 3469 senatum
564 3393 699 3493 legatis,
724 3395 849 3486 oravit,
882 3401 910 3437 ‘⁴
926 3411 966 3464 ut
983 3393 1148 3490 exemplo

167 3520 195 3577 -“
214 3517 306 3591 Afiae
330 3515 516 3591 delubrum
553 3514 698 3589 Tiberio
719 3515 891 3613 matrique
919 3510 990 3611 ejus
1014 3511 1147 3587 exstru-

165 3641 194 3686 “
213 3636 333 3711 eret:'’
369 3640 438 3736 qual
479 3637 657 3712 occas10ne
689 3634 818 3726 Caesar,
851 3634 988 3708 validus
1016 3631 1149 3728 alioqui

107 3864 111 3875 ἱ
164 3753 364 3862 spernendis
382 3757 591 3851 honoribus,
621 3760 655 3829 δι
673 3748 956 3860 respondendum
981 3774 1075 3853 ratus
1094 3749 1149 3839 iis,

632 3874 830 3986 Q.
