2760 4718
388 314 922 422 AnnnrruqurNI.
1070 350 1136 420 281

166 526 263 599 hunc
290 507 440 598 modum
468 504 562 624 abud
594 523 749 599 senatum
772 521 960 597 ordiendo:
1001 529 1029 566 “
1058 521 1142 598 For-

169 650 198 689 “
217 665 309 718 tunae
331 645 476 743 quidem
489 672 585 732 ‚meae
608 644 743 719 fortasse
769 644 884 718 minlts
902 644 1065 741 expediat
1082 648 1143 720 ad·

168 765 375 865 “gnoscere
402 767 549 857 crimen,
587 767 695 865 quam
722 767 890 839 abnuere:
917 763 977 836 sed
1008 785 1145 865 utcum-

169 895 197 930 “
215 913 284 985 que
306 886 421 960 casura
446 913 499 960 res
525 885 588 975 est,
613 875 804 959 fatebor&
821 884 918 958 fuiffe
943 910 1001 958 me
1024 885 1146 984 Sejano

167 1013 194 1049 “
212 1006 380 1097 amicum,
418 1011 450 1080 δι
482 1026 520 1079 ut
548 1008 653 1079 ellem
687 1004 865 1101 expetille,
900 1009 934 1078 &
960 1005 1145 1103 postquam

167 1127 359 1223 “adeptus
392 1150 499 1214 eram,
536 1126 701 1198 laetatum.
765 1124 931 1198 Videram
971 1126 1149 1224 collegam
1217 1174 1219 1177 .

168 1254 196 1290 “
216 1245 335 1344 patris,
355 1244 514 1344 regendis
531 1245 699 1342 praetoriis
715 1246 937 1332 cohortibus;
964 1272 1051 1320 mox
1073 1249 1146 1320 Ur·

168 1367 267 1440 “bis
301 1370 335 1439 &
364 1365 496 1439 militiae
524 1365 643 1439 munia
669 1367 769 1439 fimul
797 1367 1012 1439 obeuntem:
1054 1365 1146 1440 illius

168 1493 196 1530 “
215 1486 455 1585 propinqui&
480 1488 611 1560 adfines
635 1487 822 1560 honoribus
839 1489 1078 1585 augebantur:
1105 1507 1147 1562 ut

169 1614 197 1650 “
216 1605 359 1706 quisque
391 1603 514 1705 Sejano
548 1607 703 1699 intimus,
744 1606 792 1681 ita
819 1608 863 1680 ad
890 1607 1029 1681 caesaris
1059 1607 1146 1682 ami·

168 1736 197 1771 “
223 1727 339 1801 citiam
370 1727 529 1801 validus:
568 1728 688 1801 contra
719 1727 846 1824 quibus
873 1725 1023 1802 infensus
1045 1730 1143 1821 effet,

169 1856 196 1892 “
216 1870 313 1922 metu
341 1873 382 1922 ac
410 1846 566 1921 sordibus
590 1847 897 1922 conflistabantur:
926 1875 990 1923 nec
1021 1875 1146 1948 quem·

166 1977 197 2012 “
215 1995 322 2065 quam
351 1970 517 2067 exemplo
543 1966 711 2042 adsumo:
750 1971 904 2059 cunclos,
942 1969 1004 2068 qui
1032 1968 1146 2043 novis·
1259 2053 1263 2059 Α

167 2098 196 2134 “
222 2091 295 2164 fimi
317 2089 447 2164 consilii
476 2110 633 2188 expertes
666 2089 809 2179 fuimus,
845 2115 926 2164 meo
952 2090 1054 2166 unius
1080 2089 1146 2165 dis-

167 2218 194 2254 “
214 2211 358 2286 crimine
374 2210 576 2284 defendam.
602 2221 607 2235 ‘
628 2212 713 2283 Non
730 2211 825 2284 enim
849 2209 1010 2309 Sejanum
1034 2213 1146 2287 Vulst-
1260 2226 1266 2231 ’

34 2379 38 2385 »
133 2411 137 2415 ,
165 2340 193 2405 “.
210 2333 375 2421 mensem,
406 2331 466 2405 sed
486 2331 642 2404 Claudiae
666 2336 700 2405 &
725 2330 827 2426 Juliae
848 2332 977 2405 domos
995 2353 1145 2432 partem,

165 2460 297 2550 “quas
323 2450 501 2524 adfinitate
519 2471 762 2547 occupaverat,
790 2472 904 2540 tuum,
933 2450 1059 2539 Caesar,
1079 2476 1146 2549 ge·

167 2579 195 2616 “
214 2596 352 2659 nerum,
385 2570 438 2643 tui
464 2569 659 2644 consulatlts
690 2571 837 2663 socium,
871 2592 931 2645 tua
967 2570 1081 2644 officia
1110 2571 1144 2644 in

166 2690 394 2788 “republicis
429 2694 658 2789 capeffentem
693 2696 904 2768 colebamus.
978 2694 1064 2765 Non
1099 2693 1147 2767 est

100 2848 103 2862 ·
166 2818 195 2854 “
212 2810 367 2885 nostrum
384 2810 564 2902 aestimare‘,
594 2838 701 2910 quem
727 2839 829 2911 supra
845 2833 989 2903 ceteros,
1017 2813 1146 2911 &qui-

167 2938 195 2975 “
214 2933 279 3005 bus
300 2932 346 3007 de
374 2936 479 3006 causrs
508 2934 667 3007 extollas.
716 2934 802 3009 Tibi
825 2933 1002 3009 summum
1030 2959 1146 3010 rerum

166 3058 195 3094 “
206 3049 381 3151 judicium
406 3051 457 3125 dii
480 3053 633 3127 dedere:
661 3054 763 3130 nobis
788 3055 941 3154 obsequii
959 3055 1071 3155 gloria
1093 3080 1148 3129 re-

167 3179 194 3215 “
213 3171 295 3245 licta
327 3172 387 3245 est.
449 3173 650 3270 Spectamus
679 3201 796 3272 porro,
833 3202 911 3274 quae
943 3203 1060 3250 coram
1084 3178 1146 3250 ha·

167 3299 195 3336 “
210 3295 348 3383 bentur,
378 3293 435 3367 cui
459 3318 504 3366 ex
527 3313 561 3368 te
583 3320 681 3392 opes,
705 3297 867 3388 honores,
896 3300 976 3394 quls
998 3296 1148 3396 plutima

166 3410 354 3511 “juvandi
382 3414 577 3487 nocendive
599 3415 772 3513 potentia:
800 3443 878 3515 quae
896 3415 1017 3514 Sejano
1034 3416 1145 3509 fuiffe,

167 3540 318 3606 “nemo
341 3533 545 3630 negaverit:
572 3536 708 3609 abditos
733 3535 905 3633 Principis
923 3536 1047 3631 sensus,
1071 3542 1146 3613 &fi

167 3661 195 3698 “
213 3655 311 3753 qubd
328 3653 500 3729 occultius
518 3676 627 3752 parat,
648 3656 843 3755 exquirere,
869 3655 1054 3751 inlicitum,
1082 3686 1144 3734 an·

165 3781 194 3818 “
211 3800 316 3874 ceps:
356 3800 421 3851 nec
449 3773 530 3850 ideo
555 3775 750 3884 adloquare.
815 3780 888 3872 Ne,
918 3799 1032 3878 patres
1061 3805 1144 3854 con·
