2796 4724
174 381 177 389 ·
228 340 317 415 -168
479 334 521 407 C.
545 335 784 409 Connucrr
809 336 990 410 Tncrrr

161 533 165 545 .
249 478 393 609 mulqtie
414 509 538 582 cuneta
559 506 721 614 prospere
734 511 824 600 acta,
843 515 934 584 caesrs
949 509 1226 626 populatoribus,

249 637 283 705 δε
299 631 501 704 diffensrone
523 633 598 704 orti
621 631 718 726 apud
742 631 952 721 obfidentes‚
982 628 1139 729 regisque
1162 657 1227 728 op·
1291 680 1300 698 ,

247 752 395 850 ροτωηὲι
423 750 617 847 eruptione,
657 755 690 824 δι
720 751 876 843 adventu
905 750 1077 851 legionis:
1112 775 1228 846 neque

245 870 355 946 aciem
373 891 431 970 aut
447 871 609 968 proelium
624 870 696 944 dici
708 871 877 960 decuerit,
901 871 938 945 in
956 897 1028 969 quo
1043 868 1227 943 semermes

245 1018 286 1068 ac
299 994 450 1090 palantes
462 991 622 1066 trucidati
634 989 723 1082 sunt,
753 995 822 1065 fine
833 990 952 1066 nostro
964 990 1141 1099 sanguine.
1209 1003 1212 1007 ’

294 1116 377 1189 XL.
396 1115 541 1186 Eouanr
554 1138 647 1190 anno
660 1113 857 1186 Galliarum
870 1111 1039 1199 civitates,
1064 1114 1113 1186 ob
1125 1137 1226 1211 mag-

112 1278 124 1295 ·
244 1231 441 1310 nitudinem
453 1232 529 1306 aeris
538 1234 653 1324 alieni,
680 1233 907 1307 rebellionem
918 1236 1138 1330 coeptavere:
1166 1259 1227 1306 cu·

238 1350 297 1450 jus
325 1354 561 1458 exstimulatur
583 1355 771 1446 acerrimus
799 1355 888 1430 inter
916 1356 1089 1428 Treveros
1116 1353 1230 1450 julius
1317 1366 1320 1373 ’

245 1477 386 1567 Florus,
416 1479 512 1574 apud
540 1476 679 1551 AEduos
707 1476 821 1572 julius
844 1475 1027 1550 Sacrovir:
1066 1473 1229 1549 nobilitas

134 1590 139 1598 ''
178 1576 190 1588 ”
245 1599 434 1702 ambobus,
459 1599 497 1670 δι
515 1595 689 1696 majorum
704 1599 797 1673 bona
812 1595 916 1688 faeta,
941 1597 1054 1694 edque
1065 1599 1231 1672 Romana

246 1717 368 1805 civitas
383 1717 468 1791 olim
484 1719 580 1808 data,
604 1719 687 1792 clun
714 1717 751 1791 id
771 1745 903 1808 rarum,
934 1744 998 1792 nec
1022 1715 1084 1791 nifi
1110 1716 1228 1790 virtuti

244 1837 396 1936 pretium
423 1840 515 1913 effet.
566 1838 595 1911 Ii
623 1837 761 1913 secretis
787 1839 996 1938 conloquiis,
1025 1836 1231 1916 ferocisfimo

245 1983 390 2055 quoque
416 1957 617 2059 adsumpto,
644 1979 703 2031 aut
727 1947 855 2056 quibus
882 1963 930 2034 ob
956 1960 1158 2060 egestatem,
1192 1984 1233 2033 ac

247 2096 382 2150 metum
407 2102 452 2149 ex
479 2075 620 2174 flagitiis
636 2077 790 2149 maxima
814 2078 982 2174 peccandi
1007 2079 1229 2167 neceffitudo,

60 2181 61 2184 Ἴ
154 2272 156 2279 2
245 2215 479 2295 componunt,
492 2197 615 2276 Florus
626 2199 763 2295 Belgas,
775 2197 934 2270 Sacrovir
951 2196 1129 2295 propiores
1146 2199 1234 2270 Gal.

246 2321 299 2395 los
312 2318 462 2395 concire.
513 2317 624 2416 Igitur
642 2343 703 2415 per
720 2317 999 2396 conciliabula&
1013 2336 1125 2392 coetus
1141 2315 1230 2392 sedi-

245 2438 329 2515 tiosa
352 2439 573 2531 differebant,
601 2446 628 2481 “
647 2441 692 2512 de
715 2438 977 2513 continuatione
999 2439 1229 2530 tributorum,

246 2569 275 2612 “
295 2561 467 2662 gravitate
483 2558 622 2651 fenoris,
652 2559 781 2635 saevitia
804 2588 844 2636 ac
867 2558 1025 2658 superbi&
1047 2561 1231 2656 praefiden-

247 2690 275 2727 “
293 2683 381 2762 tium
398 2711 408 2765 t
436 2686 470 2762 ὃ(
487 2679 682 2763 discordare
698 2681 862 2771 militem,
890 2681 1011 2756 audito
1028 2681 1233 2756 Germanici

248 2811 278 2852 “
296 2804 430 2882 exitio:
461 2802 646 2902 egregium
669 2801 881 2879 resumendae
904 2801 1054 2879 libertati
1076 2821 1232 2903 tempus,

248 2931 276 2973 “
296 2924 392 3022 sripfi
405 2927 581 3015 florentes,
596 2925 705 3023 quarn
718 2923 820 3022 inops
832 2921 946 3015 Italia,
960 2924 1072 3023 quam'
1082 2923 1233 3000 imbellis

180 3143 182 3148 A
249 3048 444 3125 “Urbana
473 3045 606 3142 plebes,
641 3044 728 3126 nihil
755 3045 914 3122 validum
941 3044 980 3119 in
1007 3044 1232 3136 exercitibus,

251 3173 279 3211 “
298 3167 358 3241 nifi
377 3166 473 3265 quod
486 3161 690 3257 externum,
717 3166 948 3264 cogitarent.''

298 3291 399 3364 XLI.
417 3289 546 3389 Hnun
563 3285 671 3359 ferme
683 3287 754 3367 ulla
767 3286 888 3366 civitas
900 3287 1029 3366 intaela
1044 3287 1233 3364 seminibus

249 3406 320 3505 ejus
337 3410 453 3483 motus
470 3407 561 3489 fuit:
588 3406 646 3481 sed
668 3408 811 3504 erupere
836 3409 940 3506 primi
966 3412 1164 3501 Andecavi,
1194 3436 1234 3485 ac

248 3530 285 3611 T
286 3529 398 3601 uronii
412 3557 421 3601 ι
450 3555 602 3628 quorum
615 3530 827 3604 Andecavos
841 3529 975 3605 Acilius
989 3532 1120 3606 Aviola
1137 3532 1232 3625 lega-

224 3642 226 3645 ¹
250 3668 319 3738 tus,
337 3647 451 3722 excita
468 3653 625 3739 cohorte,
641 3677 720 3749 quae
743 3652 915 3750 Lugduni
936 3652 1131 3750 praesrdium
1156 3649 1233 3747 agi·

250 3771 358 3862 tabat,
385 3770 556 3864 coercuits
583 3771 749 3864 Turonii,
772 3772 964 3880 legionario
975 3771 1099 3862 milite,
1123 3794 1234 3877 quern
