2512 4680
390 345 689 443 Atuuntruu
731 342 839 417 Lra.
880 343 944 462 IV.
1083 361 1152 453 231

178 528 207 566 “
225 526 319 610 men,
350 517 410 592 tali
441 515 637 617 conjugio?
662 517 805 593 Falieris
830 519 939 611 enim,
968 521 1150 621 Sejane,sr
1223 600 1226 604 .

142 682 143 687 1
177 649 206 686 “
224 663 257 718 te
272 636 470 716 mansurum
486 638 525 713 in
540 639 668 714 eodem
685 639 806 713 ordine
821 661 936 738 putas,
949 644 982 714 &
994 644 1152 737 Liviam,

175 747 203 807 ‘¹‘
221 787 298 860 quae
339 761 382 834 C.
411 759 554 851 Caesari,
577 784 665 861 mort
692 757 808 833 Druso
836 781 945 857 nupta
972 761 1088 853 fuerit,
1111 769 1151 840 ea
1180 759 1183 764 ’

173 889 201 928 “
215 902 334 958 mente
348 880 519 973 aduram,
534 900 583 971 ,ut
605 903 689 956 cum
719 881 834 978 equite
856 886 1021 957 Romano
1042 883 1150 959 senes-

174 1011 202 1050 “
218 1025 286 1080 cat.
338 1005 420 1102 Ego
438 1006 616 1092 ursinam,
639 999 793 1076 credisne
810 1005 979 1099 paffuros,
1004 1005 1065 1102 qui
1082 1003 1151 1081 fra·

173 1132 310 1199 “trem
337 1120 425 1222 ejus,
457 1122 519 1222 qui
542 1143 676 1220 patrem
698 1120 914 1220 majoresque
937 1123 1084 1215 nostros,
1114 1127 1151 1201 in

173 1244 363 1322 “summis
384 1241 698 1342 imperiisviddre?
726 1242 788 1315 Vis
812 1262 850 1317 tu
875 1242 1021 1340 quidem
1044 1245 1150 1321 istum

107 1361 117 1367 ’
174 1370 203 1409 “
221 1365 309 1439 intra
323 1367 442 1440 locum
460 1364 595 1439 sistere:
625 1365 683 1438 sed
706 1363 756 1437 illi
780 1363 996 1463 magistratus
1021 1370 1055 1440 δι
1080 1368 1152 1465 pri·

177 1492 205 1530 “
224 1510 339 1560 mores
356 1484 432 1583 qui,
456 1505 491 1560 te
514 1484 639 1574 invito,
663 1505 904 1582 perrumpunt,
921 1485 1154 1586 omnibusque

176 1608 386 1683 “derebus
406 1605 601 1696 consulunt,
619 1604 873 1704 exceffiffejam
891 1605 1027 1704 pridem
1045 1633 1152 1707 eque·

144 1735 205 1831 ,β’
220 1729 285 1804 stre
301 1727 493 1827 fastigium,
511 1728 689 1827 longeque
701 1726 839 1801 anteisse
857 1728 962 1828 patris
976 1729 1046 1804 inei
1063 1731 1151 1805 ami·

177 1857 205 1894 “
224 1849 335 1942 citias,
366 1874 438 1923 non
455 1848 595 1923 rocculti
619 1847 746 1939 ferunt,
765 1873 894 1948 perque
911 1847 1080 1928 invidiam
1099 1854 1154 1927 tui

176 1975 205 2012 “
223 1995 282 2045 me
298 1976 441 2068 qunque
456 1968 623 2049 incusant.
674 1951 726 2044 Ᾱῑ
752 1969 847 2046 enirn
876 1972 1057 2070 Augustus
1083 1972 1152 2047 fili-

166 2096 203 2134 “
219 2117 278 2166 am
299 2093 395 2183 suam
418 2091 527 2190 equiti
545 2096 711 2166 Romano
727 2093 859 2167 tradere
875 2094 1063 2169 meditatus
1089 2095 1153 2183 est.

171 2217 200 2256 “
217 2213 357 2288 Mirum
374 2213 529 2305 hercule,
555 2216 592 2305 fi,
617 2212 701 2287 citm
717 2211 755 2287 in
769 2225 892 2289 omnes
914 2242 1011 2290 curas
1031 2215 1152 2289 distra-

88 2349 92 2353 ’
172 2341 200 2379 “
218 2337 375 2425 heretur,
392 2335 680 2433 immensumque
691 2333 802 2408 attolli
816 2334 1032 2430 provideret,
1046 2361 1156 2432 quem

173 2461 201 2497 “
220 2453 464 2552 eonjundione
480 2453 540 2527 tali
566 2452 666 2554 super
687 2455 771 2532 alios
795 2453 981 2545 extuliffet,
1004 2456 1046 2527 C.
1068 2456 1154 2528 Pro-

86 2602 89 2612 *
175 2580 204 2618 “
222 2573 392 2664 culeium,
410 2571 635 2670 &quosdam
655 2574 693 2649 in
711 2558 926 2651 sermonibus
948 2574 1082 2665 habuit,
1100 2574 1155 2648 in-

80 2771 85 2776 ,
175 2697 205 2735 “
223 2693 309 2794 figni
326 2692 572 2795 tranquillitate
590 2695 686 2788 vitae,
699 2697 803 2772 nullis
826 2695 1024 2795 reipublicae
1042 2719 1154 2794 nego·

176 2820 204 2858 “
222 2815 277 2889 tiis
290 2815 492 2915 permixtos.
542 2817 610 2892 Sed
627 2821 655 2892 sr‘
666 2817 886 2916 dubitatione
903 2795 1057 2917 Augusti
1076 2841 1156 2890 mo·

177 2941 205 2979 “
224 2962 366 3023 vemur;
394 2935 526 3034 quanti)
545 2938 694 3014 validius
710 2940 760 3015 est
777 2937 875 3039 quiid
891 2942 949 3014 Μ.
967 2937 1153 3038 Agrippae,

176 3061 207 3100 “
224 3081 312 3132 mox
344 3055 431 3130 mihi
457 3058 690 3133 eonlocavit?
724 3066 847 3160 Atque
877 3087 946 3161 ego
972 3062 1063 3149 haee,
1090 3082 1156 3156 pro

178 3181 208 3221 “
227 3175 395 3268 amicitia,
420 3202 492 3252 non
520 3181 714 3255 occultavi:
746 3183 900 3257 ceterum
928 3206 1043 3279 neque
1071 3178 1155 3269 tuis,

178 3303 208 3342 “
227 3323 343 3397 neque
360 3297 475 3373 Liviae
492 3299 679 3394 destinatis,
697 3302 914 3378 adversabor.
964 3296 1041 3397 Ipse
1069 3299 1157 3398 quid
1211 3338 1215 3350 *

176 3426 206 3464 “
223 3419 316 3494 intra
349 3419 507 3494 animum
523 3423 767 3513 volutaverim,
794 3424 921 3524 quibus
948 3422 1063 3495 adhuc
1094 3446 1158 3496 nes

177 3549 206 3587 “
225 3539 488 3618 ceflitudinibus
505 3540 694 3619 immiscere
721 3566 758 3617 te
784 3545 870 3618 inihi
887 3566 1022 3642 parem,
1051 3542 1160 3616 omit·

178 3670 207 3710 ‘⁴
225 3684 300 3740 tam
330 3665 376 3738 ad
402 3659 549 3759 praesens
576 3661 723 3738 referret
753 3663 791 3737 id
823 3666 962 3740 tantirm
988 3662 1160 3761 aperiant,

178 3788 314 3864 κἰωή]
331 3787 399 3863 effe
415 3803 490 3863 tam
506 3781 694 3874 excelsum,
709 3787 808 3883 quod
824 3813 897 3865 non
913 3786 1055 3883 virtutes
1072 3781 1160 3872 istae.

558 3909 728 4005 .Q4.
