2760 4718
373 354 680 424 Alimon
707 314 923 424 L1'‘r.IV.i
1055 374 1124 453 249·

150 523 393 596 ululatibus&
413 524 560 622 gemitu,
584 521 751 621 conjuges
769 542 827 595 aut
855 522 979 598 liberos
1006 522 1126 598 nosce·

154 645 249 717 bant.
298 645 378 737 Jam
397 644 499 717 ceteri
518 644 609 717 fama
626 645 746 732 exciti,
775 643 832 717 hic
859 641 1013 733 fratrem,
1045 670 1124 740 pros

152 761 327 860 pinquum
368 764 438 851 ille,
474 763 559 836 alius
590 785 748 860 parentes
776 763 978 836 lamentari:
1021 764 1125 843 etiam

150 865 302 979 quorum
317 882 454 956 diversal
470 885 515 955 de
533 887 634 956 eausa
656 883 759 956 amici
778 903 838 955 aut
855 883 1027 956 neceffarii
1044 885 1126 956 abe-

149 1024 239 1092 rant,
267 1030 393 1100 pavere
410 1025 527 1076 tamen
543 1033 552 1088 ;
580 1029 694 1099 neque
711 1004 798 1076 dum
817 1025 1010 1100 compertu,
1037 1029 1125 1101 quor

150 1122 211 1196 illa
227 1123 280 1196 vis
300 1124 507 1225 perculill'et,
534 1123 634 1195 latior
650 1151 695 1196 ex
714 1124 844 1197 incerto
869 1146 991 1198 metus

199 1245 334 1315 LXIII.
366 1247 429 1317 Ur
460 1270 623 1317 corana
650 1244 820 1317 dimoveri
856 1248 1004 1330 obruta;
1040 1272 1125 1318 conv

151 1363 266 1437 cursus
296 1365 340 1439 ad
371 1366 564 1453 exanimos,
596 1365 915 1462 compleclentium,
943 1363 1125 1439 osculanti·

150 1512 236 1557 um:
270 1485 410 1583 &sape
427 1506 614 1576 certamen,
635 1484 846 1574 ficonfusror
862 1484 978 1574 facies,
1014 1491 1046 1558 δι
1066 1512 1127 1583 par

62 1618 69 1628 ’
150 1603 278 1694 formo,
298 1628 469 1694 aritretus,
494 1632 642 1679 errorem
669 1605 961 1703 adgnoscentibus
987 1605 1125 1681 fecerat.

149 1725 416 1825 Qrinquaginra
433 1727 615 1836 hominum
634 1726 757 1814 millia,
776 1751 819 1798 eo
836 1724 912 1798 casu
930 1726 1124 1818 debilitata,

139 1848 206 1918 ¹vel
225 1846 350 1919 obtrita
372 1845 457 1918 sunt.
508 1849 732 1943 Cautumque
764 1846 800 1918 in
831 1847 1006 1943 posterum
1031 1846 1124 1923 sena-

151 1965 377 2055 tusconsulto,
407 1974 494 2040 “ne
511 1967 589 2065 quis
609 1966 859 2065 gladiatorium
877 1995 1003 2041 munus
1043 1970 1120 2041 ede·

150 2094 178 2129 “
196 2108 262 2177 ret,
294 2087 349 2160 cui
383 2088 497 2159 minor
511 2088 846 2185 quadringentonrm
864 2089 1017 2163 millium
1046 2116 1121 2176 res;

149 2214 176 2252 “
195 2226 283 2280 neve
299 2209 593 2305 amphitheatrum
611 2208 858 2306 imponeretur,
887 2209 947 2284 nisi
976 2211 1048 2285 solo
1065 2214 1124 2284 fir·

148 2336 176 2372 “
194 2329 322 2402 mitaris
352 2329 551 2424 spedataess'
618 2328 747 2402 Atilius
775 2328 811 2401 in
844 2331 1003 2406 exsilium
1029 2330 1125 2404 attus

145 2449 205 2522 ert
254 2449 420 2521 Ceterum
438 2448 500 2520 sub
519 2471 693 2523 recentem
710 2451 846 2534 cladem
877 2451 1017 2546 patuere
1044 2475 1123 2546 pro-

147 2595 266 2642 cerum
282 2569 423 2657 domus,
442 2567 610 2657 fomenta,
629 2575 663 2643 ὅτ
679 2570 806 2670 medici
824 2573 942 2667 paffim
962 2569 1120 2667 praebitiz

146 2687 283 2787 fuitque
299 2690 394 2761 Urbs
413 2715 474 2785 per
491 2688 568 2762 illos
583 2690 669 2782 dies,
694 2717 909 2789 quamquam
938 2691 1053 2764 masta
1071 2691 1121 2765 fa-

147 2808 214 2899 cie,
242 2829 400 2884 veterum
430 2810 590 2885 institutis
616 2812 746 2902 similis,
782 2812 843 2909 qui
881 2838 1011 2910 magna
1047 2813 1124 2910 post

55 2936 58 2946 ⁴
144 2929 266 3027 proelia
284 2928 411 3004 saucios
427 2932 621 3030 largitione,
649 2919 683 3006 dc
701 2937 782 3007 cura
800 2932 1041 3005 sustentabant.
1077 2986 1080 2997 .

195 3051 333 3122 LXIV.'
353 3053 535 3125 Nounuu
552 3079 592 3125 ea
608 3055 723 3127 clades
742 3055 953 3142 exoleverat,
968 3054 1051 3126 clim
1068 3053 1122 3152 ig-

145 3167 199 3242 nis
216 3169 381 3244 violentia
398 3175 534 3246 Urbem
553 3176 644 3246 ultra
660 3174 798 3248 solitum
814 3173 971 3262 adfecit,
1001 3175 1123 3248 deusto

146 3311 266 3363 monte
293 3280 427 3366 Caelio:
466 3294 726 3393 “feralemque
760 3298 917 3368 annum’'
949 3293 1120 3393 ferebant,
1191 3346 1207 3369 s

146 3418 175 3454 “
194 3415 227 3484 δι
245 3410 584 3506 ominibusadversrs
602 3414 795 3512 susceptum
817 3414 965 3511 Principi
985 3417 1121 3490 confili-

145 3539 174 3587 ⁴‘
193 3559 255 3605 um
283 3531 481 3621 absentiae‚”
506 3535 566 3631 qui
585 3563 660 3608 mos
677 3537 802 3634 vulgo,
828 3534 967 3607 fortuita
983 3539 1027 3609 ad
1046 3542 1120 3612 cul·

145 3679 227 3753 pam
257 3655 441 3741 trahentes,
472 3653 508 3725 ni
525 3654 638 3728 Caesar
655 3655 798 3728 obviam
816 3655 915 3747 ilI'et,
937 3657 1121 3732 tribuendo

143 3774 305 3891 pecunias
322 3800 368 3857 ex
385 3776 494 3849 modo
512 3776 720 3851 detrimenti.
757 3779 927 3876 Aliaeque
943 3778 974 3852 ei
993 3802 1118 3880 grates,
