2834 4732
388 344 703 416 Arruntium
730 342 845 416 Ltn.
871 334 917 412 ll.
1085 370 1152 445 109

168 523 272 597 lebat.
329 524 358 563 “
374 521 432 594 De
457 517 635 593 ‘adulterio
665 518 742 592 satis
775 516 890 592 caveri
923 519 1003 614 lege
1035 523 1153 614 julia‘

165 643 288 717 visum.
341 648 368 683 “
387 639 579 740 Majestatis
595 640 727 713 crimen
742 637 931 737 distingui''
948 638 1059 713 Caesa'r
1076 644 1152 739 pos·

165 763 319 849 tulavit;
357 770 385 805 “
404 762 646 860 damnarique,
683 765 705 835 sr
740 771 819 858 qua
842 762 888 833 de
906 761 1067 858 Augusto
1099 764 1153 836 in-

165 885 371 984 “religiose
401 884 563 956 dixisset:
603 882 640 954 in
676 881 710 955 se
730 880 837 979 jacta,
868 882 962 953 nolle
985 884 1030 955 ad
1065 910 1152 985 cog·

167 1013 196 1050 “
213 1007 383 1080 nitionem
398 1004 552 1078 vocari.'’
578 1005 811 1101 Interrogatus
829 1029 849 1074 a
864 1001 1004 1076 consule
1023 1007 1153 1103 “quid

167 1133 194 1169 ‘⁴
211 1127 257 1201 de
279 1127 333 1199 his
350 1124 512 1215 censeret,
543 1151 621 1222 quae
643 1125 689 1197 de
712 1143 822 1196 matre
838 1119 910 1219 ejus
927 1125 1042 1198 locuta
1058 1127 1153 1204 secus

166 1255 194 1292 ‘⁴
215 1249 456 1347 argueretur,''
497 1244 658 1319 reticuit:
702 1228 783 1317 dein
822 1243 984 1340 proximo
1016 1244 1151 1324 senatus

165 1367 238 1459 die,
267 1369 358 1441 illius
375 1392 517 1464 quoque
534 1365 675 1463 nomine
697 1363 821 1453 oravit,
852 1371 880 1407 “
898 1391 942 1437 ne
965 1367 1021 1439 cui
1043 1373 1152 1445 verba

170 1488 257 1560 “in
282 1513 360 1561 eam
387 1513 534 1585 quoquo
563 1487 673 1559 modo
697 1484 817 1559 habita
838 1485 975 1558 crimini
999 1485 1151 1597 furent.''

166 1609 419 1707 Liberavitque
436 1605 626 1704 Apuleiani
655 1608 735 1706 lege
756 1603 940 1703 majestatis
952 1636 963 1693 ;
993 1610 1151 1685 adulterii

167 1731 367 1831 graviorem
400 1756 544 1828 poenam
576 1730 792 1826 deprecatus,
815 1733 861 1794 “
889 1746 943 1817 ut,
984 1734 1151 1829 exemplo

77 1829 80 1836 Δ
167 1861 195 1897 “
215 1851 402 1952 majorum,
430 1849 638 1949 propinquis
663 1849 728 1922 suis
756 1852 847 1922 ultra
874 1849 1151 1928 ducentefimum
1224 1943 1232 1958 ἱ

168 1973 372 2074 “lapidem
398 1972 659 2045 removeretur”
687 1970 795 2044 suafit.
847 1972 1022 2045 Adultero
1040 1975 1148 2047 Man-

163 2094 211 2167 lio
223 2095 320 2167 Italia
331 2114 438 2192 atque
455 2091 577 2166 Africa
593 2091 817 2169 interdictum
835 2092 896 2165 est.

208 2217 272 2289 LI.
297 2217 358 2289 Da
390 2239 582 2288 PRAETonE
623 2213 660 2286 in
698 2214 818 2286 locum
848 2212 1004 2311 Vipsanii
1033 2217 1143 2309 Galli,

161 2363 269 2435 quem
302 2363 398 2411 mors
430 2335 630 2425 abstulerat,
688 2332 926 2432 subroganda
973 2358 1148 2411 certamen

161 2458 302 2531 inceffit.
354 2456 586 2529 Germanicus
614 2476 720 2553 atque
748 2454 880 2528 Drusus
910 2458 1011 2551 (nam
1044 2456 1151 2530 etiam

163 2598 242 2650 tum
266 2581 395 2650 Romae
417 2578 534 2671 erant)
560 2576 751 2651 Haterium
775 2577 977 2675 Agrippam
1002 2576 1148 2675 propin-

169 2723 283 2794 quum
302 2698 504 2772 Germanici
521 2695 712 2773 fovebant:
740 2700 863 2773 contra
888 2699 1042 2797 plerique
1066 2697 1153 2802 nite-

165 2821 305 2910 bantur,
334 2842 374 2893 ut
397 2846 562 2907 numerus
579 2820 769 2894 liberorum
791 2818 827 2891 in
850 2817 1041 2892 candidatis
1064 2844 1151 2915 prae-

165 2942 324 3038 polleret,
355 2942 454 3037 quod
471 2939 697 3038 lexjubebat.
747 2943 951 3014 Laetabatur
965 2939 1144 3031 Tiberius,

165 3061 249 3133 etim
267 3058 356 3132 inter
372 3059 463 3132 filios
491 3060 563 3159 ejus
591 3067 623 3135 δι
647 3064 741 3161 leges
760 3060 894 3135 senatus
920 3060 1149 3157 disceptaret3

163 3181 259 3255 victa
290 3174 340 3254 est
374 3184 443 3254 fine
475 3182 587 3256 dubio
617 3186 699 3256 lex:
727 3182 785 3256 sed
813 3207 928 3282 neque
956 3181 1083 3271 statim',
1115 3188 1151 3256 ὅτ
1221 3250 1223 3259 ,

165 3301 284 3399 paucis
309 3300 502 3401 suffragiis:
530 3306 726 3402 quom0d0,
754 3303 859 3377 etiam
877 3304 960 3377 clim
982 3303 1149 3396 valerent,

164 3425 260 3521 le'ges
279 3421 519 3523 vincebantur.
617 3440 618 3446 ’

212 3546 295 3618 LlI.
322 3546 468 3619 Eonam
494 3571 586 3619 anno
615 3566 774 3644 coeptum
796 3547 832 3620 in
862 3544 982 3621 Africa
998 3548 1147 3637 belluna

90 3658 91 3664 ¹
163 3666 254 3739 duce
270 3665 424 3738 hostium
438 3662 681 3741 Tacfarinate:
712 3668 740 3743 is
758 3668 896 3742 natione
913 3668 1086 3757 Numida,
1112 3668 1148 3740 in
1243 3648 1245 3660 ⁴

164 3786 278 3862 castris
296 3786 468 3866 Romanis
485 3786 665 3864 auxiliaria
680 3774 853 3888 stipendia
872 3791 1030 3882 meritus,
1061 3810 1147 3861 mox
