2602 4716
41 345 161 419 ¹66.
312 301 934 460 C.Cornr.r,1iTncrr1'

55 518 60 527 ’
101 527 133 564 “
151 540 256 611 retur,
287 517 397 618 idque
426 518 506 617 ipsis
536 518 728 618 perniciem
753 516 940 624 odferretss’
990 521 1091 597 Con·

102 639 264 740 gruentia
292 640 347 715 his
380 643 632 713 Interamnates
657 639 868 713 differuere:
900 645 928 683 “
952 644 1090 740 pelium

103 759 261 834 “ituros
284 761 552 835 «fecundiffimos
585 761 694 834 Italiae
724 787 882 859 campos,
921 764 943 834 sr
973 763 1090 836 amnis

104 888 133 923 “
152 882 253 954 Nar''
286 883 342 978 (id
358 882 453 956 enim
471 883 673 980 parabatur)
705 882 781 956 “in
799 883 891 956 rivos
905 881 1086 973 diduClus,

103 1009 133 1045 “
153 1001 512 1102 superstagnaviffet.''
571 1005 651 1078 Nec
673 1003 815 1078 Reatini
836 1005 990 1096 srlebant,
1017 1007 1088 1077 Ve-

104 1123 217 1196 linum
241 1125 372 1214 laeum,
411 1126 482 1222 qul
504 1123 541 1199 in
567 1126 701 1199 Narem
731 1123 932 1215 effunditur,
958 1123 1102 1198 obstrui.

104 1242 326 1331 recusantes3
370 1245 545 1344 “quippe
574 1246 611 1319 in
639 1245 830 1346 adjacentia
849 1264 1088 1342 erupturum:

105 1366 301 1463 “optume
329 1369 433 1440 rebus
456 1367 661 1441 mortalium
687 1365 891 1442 consuluisse
913 1384 1090 1454 naturam,

104 1492 135 1574 ‘.‘
155 1511 234 1584 quae
260 1485 320 1560 sue
344 1513 413 1561 ora·
438 1488 658 1579 fluminibus,
700 1488 779 1563 suos
812 1485 940 1577 cursus,
979 1488 1092 1584 utque

103 1612 135 1673 5‘
152 1606 341 1704 originem,
373 1608 420 1682 ita
448 1612 535 1683 fines
562 1609 696 1684 dederit
717 1639 736 1683 :v
761 1609 962 1707 speemndas
985 1607 1091 1681 etiam

34 1830 35 1833 Ἴ
105 1734 134 1770 “
155 1727 342 1826 religiones
359 1727 545 1823 sociorum,
568 1731 629 1830 qui
646 1731 751 1821 sacra,
784 1736 818 1804 δι
835 1720 947 1819 lucos,
965 1732 1000 1802 δι
1017 1753 1091 1802 aras
1127 1776 1133 1783 ·

105 1856 136 1893 “
156 1849 273 1947 patriis
300 1851 461 1924 amnibus
479 1852 698 1944 dicaverint:
731 1849 818 1948 quin
843 1849 958 1947 ipsum
981 1847 1090 1922 Tibe·

104 1969 220 2042 “rim
238 1973 344 2062 nolle,
372 1971 509 2068 prorsus
522 1971 648 2044 accolis
675 1971 790 2044 fluviis
817 1970 994 2058 orbatum,
1021 1967 1089 2041 mi-

107 2097 136 2134 “
155 2118 242 2166 nore
269 2091 380 2191 glori&
403 2091 549 2165 fluere.’'
588 2091 674 2163 'Seu
708 2114 826 2187 preces
858 2088 1087 2176 coloniarum,

104 2212 164 2286 seu
193 2213 375 2287 difficultas
402 2237 565 2309 operum,
589 2214 657 2284 srve
678 2208 868 2308 superstitio
894 2207 1016 2298 valuit,
1050 2226 1090 2280 ut

106 2335 145 2407 in
179 2333 385 2408 sententiam
407 2330 540 2407 Pisonis
563 2332 824 2422 concederetur,
849 2327 909 2429 qui
928 2327 980 2401 nil
1007 2353 1088 2402 mu·

104 2448 263 2528 tandum
280 2454 463 2529 censuerat.

168 2577 327 2649 LXXX.
362 2576 636 2649 Pronoon'ron
662 2576 816 2672 Poppaeo
844 2573 972 2648 Sabino
998 2599 1089 2673 ‚pro-

107 2696 224 2770 vincia
241 2698 382 2786 Moesro,
401 2695 526 2769 additis
544 2696 679 2770 Achaia
706 2722 747 2770 ae
770 2694 997 2769 Macedonis.
1048 2695 1091 2767 Id

108 2797 252 2914 quoque
275 2843 416 2892 morum
436 2815 572 2891 Tiberii
597 2815 676 2907 fuit,
703 2816 906 2890 continuare
932 2813 1091 2912 imperia,

106 2963 148 3010 ac
162 2938 344 3037 plerosque
367 2939 412 3012 ad
437 2940 545 3012 finem
562 2937 642 3012 vitae
667 2938 704 3011 in
728 2936 851 3011 iisdem
868 2935 1092 3027 exercitibus,

86 3076 168 3151 ¹aut
177 3055 474 3154 jurisdielionibus
492 3057 628 3133 habere.
679 3058 796 3132 Causae
821 3058 927 3133 variae
949 3058 1091 3131 tradun-

106 3195 187 3248 tur‘:
212 3178 269 3283 alii
302 3178 449 3250 “taedio
477 3205 578 3252 novae
607 3205 713 3269 curae,
741 3179 846 3252 semel
873 3179 999 3277 placita
1027 3201 1091 3274 pro

108 3300 290 3370 “·aeternis
328 3296 508 3372 servavisse
523 3300 559 3368 :''
606 3298 754 3395 quidam
808 3306 835 3340 “
851 3298 997 3389 invidizl,
1042 3285 1093 3369 'ne

108 3415 271 3507 “plures
301 3415 497 3490 fruerentur
513 3419 550 3489 :’'
578 3417 656 3491 sunt
685 3420 747 3519 qui
771 3418 984 3509 existiment,
1012 3422 1091 3485 “ut

108 3536 137 3574 “
157 3533 323 3608 callidum
340 3536 412 3634 ejus
430 3536 627 3635 ingenium,
646 3538 695 3610 ita
712 3537 1038 3635 anxiumjudicium
1053 3530 1091 3604 :'’

108 3668 223 3746 neque
239 3654 334 3726 enim
353 3656 545 3730 eminentes
558 3658 701 3731 virtutes
718 3659 922 3746 serrabatur,
949 3659 986 3728 &
1014 3679 1089 3726 rur-

108 3769 184 3843 sum
216 3771 302 3844 ritia
326 3775 471 3849 oderat:
513 3802 558 3850 ex
587 3775 743 3875 optimis,
769 3775 969 3875 periculum
1000 3772 1089 3861 sibi3
