2776 4724
189 303 191 310 ·
263 276 348 353 xxvi

259 470 372 525 morte
422 447 633 545 interrupta,
662 450 784 522 'finem
809 447 996 547 «imposuit
1037 448 1239 526 Franciscua

260 573 404 656 Biturs,
429 567 539 659 vitiis,
564 570 672 668 quam
688 569 876 645 virtutibus
891 569 1042 645 fimitior.
1065 626 1067 631 -

305 691 351 763 Iu
365 678 431 761 'his
447 689 668 763 tentamentis
690 680 908 788 aliquamdiu
923 689 1139 766 substiterant
1150 691 1237 764 Gal·

257 810 334 885 licae
351 808 470 900 literae,
496 809 578 885 crim
596 835 713 884 recens
729 836 794 883 nos
816 811 928 909 rapuit
945 812 1139 885 studiorum
1167 810 1234 886 im-
1294 884 1296 887 .

256 951 370 1031 petus.
415 933 513 1004 Tum
529 929 624 1005 suam
641 934 833 1010 versionem
857 932 1037 1006 adornavit
1055 932 1111 1010 cl.
1127 935 1236 1007 Gue-

257 1073 361 1125 utu:
404 1051 509 1126 aliam
553 1051 799 1144 meditabatur,
834 1050 981 1152 jamque
1020 1079 1082 1153 per
1125 1073 1237 1152 panes

254 1174 357 1248 edere
383 1193 538 1271 coeperat
560 1174 615 1246 Cl.
636 1197 686 1246 un
705 1197 758 1249 tn
775 1168 1006 1263 Br'nrntt1n3¹
1032 1200 1140 1274 quarn
1163 1198 1237 1247 non

97 1287 106 1306 ⁴
180 1382 184 1385 4
254 1293 382 1384 finivit,
406 1314 520 1369 morte
537 1293 759 1393 interceptus.
801 1298 894 1395 Qrae
916 1298 1073 1386 deerant,·
1092 1293 1238 1392 perfecit

254 1417 311 1490 ct.
328 1417 603 1490 Dorravrnre.
644 1415 901 1513 Interpretandi
914 1417 1007 1517 leges
1021 1415 1237 1516 praesctipsrt,

154 1566 164 1587 ·
255 1541 291 1610 &
319 1538 365 1611 ad
390 1561 510 1610 earum
536 1535 685 1610 sormam
708 1536 830 1611 seleda
857 1540 890 1610 δι
918 1534 1100 1635 splendida
1119 1536 1239 1611 Taciti

254 1659 333 1732 loca
356 1659 512 1755 expteffit
539 1658 902 1737 chonensium.
928 1711 930 1721 .
954 1660 1090 1732 Eorum
1117 1683 1237 1732 exem·

254 1777 322 1875 plis
340 1776 502 1874 satusque
519 1776 634 1874 plures
651 1776 792 1851 excitati
809 1780 918 1851 nouas
936 1799 1106 1875 apparant
1121 1777 1237 1852 Taciti

252 1895 560 1995 interpretationes.
610 1897 737 1996 Vigeat
767 1897 960 1996 crescatque
989 1898 1148 1996 egregius
1176 1897 1238 1972 ille

251 2019 367 2108 ardor,
394 2045 466 2117 quo
491 2016 645 2115 summus
673 2019 876 2117 scriptorum
906 2017 1043 2114 imperii
1079 2016 1236 2091 Romani
1333 2081 1340 2088 .

164 2205 168 2211 .
253 2164 326 2212 non
343 2139 453 2214 modo
481 2142 575 2237 apud
603 2165 667 2213 nos
691 2140 804 2239 magis
825 2164 865 2213 ac
885 2137 998 2236 magis
1022 2135 1233 2226 inclarescet,

196 2271 198 2275 ’
252 2258 315 2352 [αἱ
330 2264 353 2333 sr
370 2258 429 2334 sud
449 2286 532 2335 eom
554 2260 591 2335 vi
607 2287 648 2335 ac
673 2260 841 2336 brevitate
856 2257 1102 2357 exprimimus,
1132 2281 1234 2356 mag·

251 2404 339 2456 num
366 2381 509 2456 accedet
535 2381 717 2459 literaturae
756 2381 880 2456 nostrae
909 2380 1017 2454 decus
1046 2382 1081 2453 δι
1109 2377 1234 2453 incita·

251 2520 424 2577 mentum.
472 2562 473 2566 ,

299 2625 344 2696 Iu
368 2625 434 2698 hoc
461 2643 578 2699 autem
595 2621 884 2720 interpretationis
901 2647 1029 2720 genere
1053 2645 1126 2694 non
1142 2618 1234 2697 stetit

248 2744 363 2818 Taciti
379 2744 563 2819 admiratio
578 2771 588 2816 r
614 2744 762 2818 alterum
778 2741 1008 2839 excogitavit,
1034 2740 1107 2839 qud
1123 2741 1231 2814 licen·

250 2863 318 2937 tit'ts
344 2863 600 2962 exspatiaretut.
648 2846 847 2937 illustriores
872 2861 999 2936 scilicet
1015 2861 1133 2936 Taciti
1157 2859 1233 2936 sen·

249 2983 366 3056 tentiae
394 2985 638 3084 praecipuaque
664 2987 782 3075 uerba,
807 3004 991 3082 tamquam
1020 2982 1183 3083 primatia
1199 2987 1235 3057 dr

251 3105 392 3200 propria
418 3100 593 3198 sapientiae
611 3105 782 3202 principia
808 3103 885 3178 sunt
903 3123 1080 3202 excerpta,
1108 3100 1234 3200 ampli·

249 3224 367 3312 ficata,
393 3242 469 3294 tum
487 3240 661 3313 veterum,
691 3241 769 3297 tum
797 3224 988 3298 recentium
1005 3242 1148 3296 aetatum
1172 3247 1234 3295 ex-

250 3341 375 3439 emplis
397 3343 637 3439 comprobata.
687 3342 770 3416 Hac
801 3342 838 3415 in
853 3344 1046 3419 studiorum
1063 3342 1233 3440 palaestrfi,

155 3459 160 3475 '
249 3461 442 3561 speciosiori
459 3460 562 3553 forte,
592 3461 701 3560 quam
718 3462 862 3553 utiliori,
896 3461 998 3538 multi
1017 3461 1104 3537 inter
1126 3463 1233 3536 Italos

250 3582 470 3673 desudarunt,
488 3609 639 3681 quotum
657 3582 851 3659 nobilissimi
868 3584 944 3660 sunt
961 3582 1079 3680 Scipio
1092 3587 1231 3676 Antur-

252 3726 372 3796 nnro,
407 3691 574 3779 Ascanius
605 3707 894 3796 Precoronuur,
933 3700 1103 3804 Trajanus
1135 3704 1232 3779 Boc·
