2512 4680
389 291 688 408 Arainon
720 335 835 408 Lra.
868 333 931 407 VI.
1130 358 1200 433 305

161 536 164 545 ·
210 507 380 582 donatus:
409 532 496 581 mox
514 506 656 606 repetita'
670 505 823 580 amicitia
839 508 947 607 regis,
975 505 1090 581 multo
1106 509 1202 605 apud

90 712 97 721 x
211 654 294 702 eum
319 630 463 719 honore,
494 626 675 725 praeseslus
700 627 850 723 campis,
881 625 942 726 qui
961 626 1143 723 Euphrate
1166 634 1201 703 δι

208 748 334 847 Tigre,
362 748 501 822 inclutis
530 749 705 839 amnibus,
730 747 943 838 circumflui,
964 744 1202 842 Mesopotamiis

202 894 336 945 nomen
362 890 584 966 acceperunt.
634 871 765 966 Neque
793 865 907 942 multo
933 865 1010 965 post
1037 865 1202 944 Sinnaces

201 1010 306 1089 auget
336 989 480 1085 copias;
524 994 558 1062 δι
591 992 755 1063 columen
791 987 943 1087 partium
980 986 1198 1086 Abdageses,

203 1135 332 1208 gazam
352 1115 386 1181 δε
415 1129 551 1205 paratus
576 1109 690 1209 regios
713 1108 841 1208 adjicit.
893 1106 1056 1182 Vitellius
1081 1108 1198 1183 osten-

205 1233 287 1303 tasse
312 1233 479 1304 Romana
506 1256 602 1304 arma
626 1229 703 1304 satis
731 1253 838 1321 ratus,
871 1250 992 1303 monet
1015 1228 1199 1305 Tiridaten

206 1350 466 1450 primoresque:
495 1353 603 1443 hunc,
635 1359 664 1395 “
680 1352 839 1426 Phraatis
857 1349 914 1423 avi
934 1355 968 1423 &
986 1351 1103 1425 altoris
1120 1354 1198 1426 Cae·

207 1480 237 1516 “
255 1472 349 1564 saris,
380 1498 459 1571 quae
476 1472 662 1570 utrobique
690 1464 851 1570 pulchra,
880 1470 1125 1546 meminerit:''
1154 1474 1198 1547 il-

207 1594 273 1685 los,
311 1593 564 1691 “obsequium
589 1594 624 1667 in
641 1620 775 1692 regern,
801 1591 1034 1668 reverentiam
1057 1593 1094 1667 in
1118 1620 1197 1684 nos,

208 1721 237 1757 “
256 1717 366 1789 decus
384 1714 529 1813 quisque
546 1712 646 1787 suurn
660 1720 694 1787 δι
708 1716 817 1788 fidem
833 1714 1057 1788 retinerent.’'
1102 1715 1198 1789 Exin

206 1862 291 1913 cum
309 1834 507 1935 legionibus
524 1833 561 1907 in
577 1834 712 1931 Syriam
730 1835 911 1909 remeavit.

203 2002 206 2005 -
250 1957 474 2059 XXXVIII.¹
498 1961 601 2055 Qua
631 1957 767 2031 duabus
787 1956 965 2032 aestatibus
994 1957 1090 2054 gesta
1112 1984 1198 2033 con-

89 2091 92 2096 “
204 2075 318 2171 junxi,
345 2076 420 2177 quo
437 2076 662 2176 requiesceret
677 2078 813 2154 animus
830 2105 851 2151 a
867 2078 1068 2154 domesticis
1085 2079 1200 2156 malis.

202 2199 293 2274 Non
321 2198 418 2273 enim
452 2199 654 2289 Tiberium,
683 2219 901 2296 quamquam
935 2201 1086 2275 triennio
1121 2202 1199 2300 post

207 2323 343 2409 caedem
353 2318 482 2415 Sejani,
501 2346 580 2416 quae
599 2340 735 2393 ceteros·
747 2319 883 2391 mollire
901 2317 1023 2407 solent,
1041 2342 1197 2418 tempus,

205 2463 338 2535 preces,
365 2435 478 2530 satias,
503 2439 730 2540 mitigabant,
756 2438 844 2537 quin
862 2437 1006 2528 incerta,
1035 2443 1093 2514 ve'l
1109 2444 1196 2514 abo-

202 2559 278 2650 lita,
312 2583 377 2656 pro
407 2560 614 2656 gravissimis
646 2563 680 2635 &
710 2559 910 2634 recentibus
939 2557 1087 2656 puniret.
1140 2562 1197 2633 Eo

202 2698 303 2755 metu
329 2677 510 2754 Fulcinius
531 2681 619 2756 Trio
644 2681 844 2780 ingruentes
865 2678 1077 2754 accusatores
1101 2683 1196 2753 haud

206 2799 397 2899 perpessus,
427 2799 594 2899 supremis
627 2801 754 2876 tabulis
787 2803 898 2875 multa
933 2806 967 2874 ἃ
996 2803 1127 2876 atrocia
1160 2802 1196 2874 in

202 2922 433 3010 Macronem,
450 2947 492 2995 ac
508 2921 700 3020 prae‘cipuos
717 2923 921 2997 libertorum
936 2921 1078 2997 Caesaris
1095 2949 1193 2998 com·

208 3041 342 3141 posuit;
369 3040 431 3138 ipsi
453 3050 480 3084 “
498 3045 633 3116 fluxam
649 3041 742 3117 senio
759 3065 915 3118 mentem
936 3048 969 3117 δι
987 3036 1196 3120 continuum

187 3169 237 3240 .“
254 3161 461 3255 abscessum,
487 3163 584 3236 velut
610 3164 809 3255 exfilium,”
833 3162 1051 3263 objectanda
1102 3166 1196 3265 Qae

205 3288 254 3363 ab
283 3282 469 3359 heredibus
501 3285 687 3374 occultata,
717 3284 853 3358 recitari
886 3285 1049 3359 Tiberius
1076 3284 1193 3383 jussit:

131 3383 139 3398 ¹
207 3404 415 3505 patientiam
447 3402 617 3476 libertatis
650 3404 771 3480 alienae
809 3404 996 3496 ostentans,
1032 3412 1067 3479 ὅτ
1108 3434 1194 3483 con·

208 3545 365 3624 temptor
398 3521 466 3596 suae
506 3520 673 3616 insamiae,
713 3553 757 3601 an
789 3525 956 3599 scelerum
989 3524 1104 3624 Sejani
1134 3529 1197 3603 diu

207 3647 358 3736 nescius,
391 3669 477 3717 mox
498 3644 651 3742 ‘quoquo
680 3648 790 3720 modo
808 3647 902 3720 dista
924 3647 1062 3746 vulgari
1087 3650 1195 3721 male-

206 3771 283 3866 bat,
316 3763 549 3864 veritatisque,
584 3761 644 3839 cui
675 3766 829 3841 adulatio
865 3768 986 3860 officit,
1021 3792 1081 3865 per
1114 3765 1195 3863 pro·
