2796 4724
368 349 906 426 Anurtcrun'Lrn.III.
1061 356 1130 452 169

149 524 307 616 Visellius
324 528 447 619 Varro,
473 524 644 600 inferioris
666 523 866 598 Germaniae
888 525 1037 622 legatus,
1066 525 1132 599 mi-

149 645 247 739 serat,
281 650 446 746 oppressr,
482 647 608 722 eodem
638 646 768 720 Aviold
796 647 900 735 duce,
931 649 966 717 δι
993 644 1134 742 quibus·

150 768 234 841 dam
259 744 456 842 Galliarum
480 767 715 867 primoribus;
743 765 804 864 qui
820 767 931 839 tulsre
947 765 1134 859 auxilium,

144 889 224 986 quo
243 889 491 964 diffimularent
515 886 764 977 desedionem,
795 885 976 983 magisque
994 886 1029 959 in
1047 905 1136 961 tem·

151 1035 235 1108 pore
254 1013 435 1085 efferrent:
470 1008 643 1108 spedatus
664 1013 698 1081 δι
718 1006 892 1096 Sacrovir,
925 1007 1055 1080 intedo
1077 1035 1135 1082 ca-

152 1130 224 1230 pite
247 1130 406 1230 pugnam
424 1156 487 1228 pto
505 1129 678 1203 Romanis
697 1128 804 1216 ciens,
832 1135 860 1171 “
880 1127 1137 1221 ostentandae,''

149 1273 191 1324 ut
204 1250 356 1342 serebat,
384 1259 412 1295 “
428 1249 611 1323 virtutis:”
645 1247 705 1322 sed
721 1248 873 1349 captivi,
892 1256 978 1322 “ne
995 1250 1136 1325 incelle-

154 1380 183 1415 “
203 1393 296 1445 retur
308 1372 399 1462 telis,
425 1369 709 1468 adgnoscendum
722 1368 755 1442 se
770 1369 990 1466 praebuilse,''
1011 1398 1138 1471 argue·

153 1495 249 1567 bant.
298 1493 483 1567 Consultus
498 1489 596 1589 supet
608 1516 650 1564 eo
660 1490 841 1583 Tiberius,
871 1488 1068 1588 aspernatus
1090 1495 1139 1569 est

152 1614 337 1705 indicium,
366 1613 523 1711 aluitque
537 1611 755 1686 dubitatione
771 1613 916 1711 bellum.

202 1736 321 1809 XLII.
346 1737 524 1809 luterum
542 1735 665 1807 Florus
683 1732 828 1806 infistere
844 1733 1033 1826 destinatis,
1064 1740 1138 1834 pel·

154 1855 257 1929 licere
289 1857 379 1929 alam
412 1855 586 1953 equitum,
627 1880 705 1951 quae
739 1852 930 1951 conscripta
960 1857 1143 1964 Treveris,¹

155 1975 277 2051 militis
305 1975 555 2074 disciplinasque
587 1976 699 2048 nostras
732 1976 937 2066 habebatur,
968 1996 1023 2067 ut,
1048 1983 1140 2053 caefis

154 2097 432 2195 negotiatoribus
456 2096 642 2186 Romanis,
677 2097 809 2170 bellum
833 2096 1026 2194 inciperet:
1055 2128 1138 2198 pau-

94 2197 102 2207 )
152 2218 254 2315 cique
269 2218 430 2317 equitum
449 2218 620 2316 corrupti,
651 2220 764 2315 plures
782 2219 816 2291 in
834 2220 950 2292 officio
974 2221 1139 2295 manssre.

153 2339 263 2414 Aliud
289 2342 421 2438 vulgus
444 2342 678 2413 obaeratorum
694 2360 754 2412 aut
772 2338 955 2413 clientium
972 2366 1067 2413 arma
1083 2367 1140 2414 ce·

153 2459 229 2558 pit:
258 2462 496 2557 petebantque
512 2456 629 2548 saltus,
656 2459 784 2557 quibus
802 2440 931 2531 nomen
954 2460 1139 2552 Arduenna,

92 2612 96 2620 ·
155 2581 238 2652 clun
266 2577 423 2676 legiones
444 2600 594 2677 utroque
610 2581 655 2652 ab
672 2579 842 2669 exercitu,
870 2606 957 2677 quas
983 2571 1140 2658 Visellius

155 2703 191 2772 δι
217 2700 260 2772 C.
286 2699 387 2773 Silius
406 2700 556 2773 adversts
582 2700 764 2786 itineribus
781 2697 993 2798 objecerant,
1019 2728 1140 2777 arcue-

157 2839 261 2893 runt:
291 2819 552 2920 praemiffusque
574 2848 656 2896 cum
673 2824 809 2896 delesti
826 2848 933 2896 manu
950 2823 1065 2918 Julius
1082 2826 1141 2898 In·
1245 2919 1250 2933 Ι

155 2940 238 3030 dus,
267 2967 287 3016 e
303 2941 444 3015 civitate
460 2943 599 3033 elidem,
625 2941 752 3017 discors
765 2945 884 3033 Floro,
909 2946 1009 3017 &ob
1027 2944 1062 3016 id
1079 2971 1140 3017 na-

158 3062 282 3135 vandae
310 3087 426 3157 operae
452 3061 600 3154 avidior,
637 3064 851 3137 inconditam
880 3054 1141 3140 multitudinem

157 3183 273 3256 adhuc
305 3180 448 3280 disjecit.
499 3184 622 3257 Florus
655 3184 793 3259 incertis
826 3185 964 3260 latebris
995 3185 1143 3261 vidores

156 3302 349 3393 frustratus,
368 3303 557 3401 postremi),
593 3306 671 3380 vifis
705 3305 890 3396 militibus,
924 3305 986 3404 qui
1013 3307 1143 3406 effugia

155 3422 362 3513 insederant,
396 3422 454 3500 sula
471 3452 578 3500 manu
595 3427 722 3501 cecidit
739 3457 747 3501 :
776 3426 871 3526 isque
883 3425 1066 3502 ¹Treuerici
1083 3449 1140 3503 tu·

158 3547 290 3621 multlrs
307 3545 397 3619 finis.
514 3543 516 3548 ’

206 3668 343 3741 XLlll.
383 3672 500 3740 Aruo
541 3662 680 3742 AEduos
718 3667 829 3768 major
861 3672 971 3744 moles
1004 3694 1139 3761 exorta,

158 3786 292 3898 quantb
318 3781 441 3867 civitas
471 3787 683 3888 opulentior,
711 3793 745 3863 δι
775 3792 1032 3892 comprimendi
1059 3818 1141 3890 pto-x
