2776 4724
192 316 226 368 1v

149 470 151 475 ’
190 466 237 556 se,
254 449 346 540 'cum
372 461 490 534 ceteris
507 459 622 535 Taciti
648 461 754 552 libris,
784 462 888 537 etiam
914 462 1070 563 quinque
1091 465 1184 564 prb.

190 611 279 674 mos,
307 611 327 656 a
344 582 433 655 Phil.
452 584 621 655 Beroaldo
641 583 733 680 prius
761 583 954 683 castigatos,
981 612 1066 658 mox
1083 612 1169 660 vero

188 701 255 778 ase
281 703 406 776 iterum
428 703 600 803 cognitos,
617 705 722 792 dare,
745 730 810 778 nec
833 706 902 803 ipse
929 708 1167 803 comparando

186 824 383 920 repererim,
421 826 518 922 quod
546 851 590 898 ex
619 850 662 898 eo
690 824 781 898 libro
808 809 955 899 dudum
981 826 1167 900 videretur.

156 933 160 943 ’
187 944 372 1018 Beroaldus
389 972 433 1019 an
452 971 494 1018 eo
509 943 588 1018 usus
616 943 731 1033 suerit,
758 946 834 1042 post
851 946 1060 1020 videbimus.
1110 948 1168 1019 De

187 1064 387 1138 austoritate
404 1064 546 1138 Codicis
563 1091 632 1137 non
649 1063 725 1137 satis
742 1063 958 1138 consentiunt
975 1065 1040 1138 viri
1057 1065 1166 1139 dotti.

188 1187 223 1279 J.
233 1186 434 1258 Gronovius
449 1185 594 1282 quidem
606 1205 741 1258 tantum
760 1186 789 1258 ei
807 1186 941 1276 tribuit,
960 1207 999 1259 ut
1016 1187 1166 1259 modum

185 1303 352 1378 excedere
373 1294 541 1377 videatur.
591 1305 809 1394 Moderatius
825 1306 993 1379 Graevius
1014 1304 1164 1402 judicat,

187 1424 223 1497 in
241 1450 297 1522 ep.
323 1426 368 1497 ad
392 1425 588 1498 Heinfium.
638 1427 684 1498 T.
702 1429 765 1498 IV.
782 1428 875 1499 Coll.
893 1429 931 1499 B.
950 1453 983 1524 p.
997 1429 1080 1522 498.
1105 1425 1166 1522 qui

187 1548 358 1642 exemplar,
386 1547 465 1617 unde
486 1545 658 1638 illestuxit,
685 1547 864 1643 mendosum,
887 1548 926 1618 ξεῖ
945 1549 985 1618 ab
1000 1547 1168 1640 semidoblo
1247 1529 1254 1540 ’ἵ

108 1707 111 1719 ·
187 1667 404 1761 interpolatum
434 1684 542 1760 putat.
592 1666 634 1735 ln
663 1664 784 1759 primis
808 1666 1002 1757 observavi,
1034 1689 1167 1740 utrum-

186 1808 255 1880 que
282 1783 456 1855 Codicem
482 1764 626 1854 subinde
656 1808 799 1877 peccare
825 1784 1006 1858 omissione
1029 1787 1167 1880 syllabae

185 1901 329 2000 alicujus
347 1900 496 1974 mediae:
525 1900 597 1973 vid.
626 1900 718 1972 dicta
742 1902 786 2006 ad
817 1906 863 1975 A.
881 1905 930 1991 ll,
955 1904 1013 1998 63.
1042 1903 1165 1978 confu-

186 2024 277 2095 sione
302 2021 508 2116 syllabarum
526 2022 564 2090 de
592 2025 625 2093 u
647 2021 696 2111 di,
720 2020 901 2094 omissione
925 2021 1045 2097 litterae
1072 2051 1102 2096 m
1130 2024 1166 2097 in

185 2139 396 2216 accusativis.
447 2142 590 2213 Habere
621 2146 655 2214 &
674 2141 899 2239 glossemata,
925 2143 1068 2217 constat.
1094 2144 1167 2219 vid.

184 2263 278 2334 dieta
292 2261 336 2334 ad
355 2260 456 2347 XVI,
480 2285 513 2331 a.
562 2262 728 2334 Ceterum
751 2286 796 2334 ex
814 2262 882 2333 hoc
899 2261 1032 2338 Codice
1049 2266 1168 2339 omnia

185 2381 252 2454 alia
267 2381 393 2477 scripta
409 2378 525 2452 Taciti
541 2381 753 2477 exemplaria
780 2380 929 2471 fluxisse,
961 2403 1000 2454 ut
1022 2387 1057 2479 J.
1074 2388 1167 2471 Gro-

185 2500 310 2573 novius
337 2498 473 2572 videtur
497 2500 695 2589 credidisse,
714 2527 786 2574 non
812 2503 961 2576 audeam
987 2532 1050 2603 pro
1073 2527 1169 2580 certo

185 2622 367 2708 affirmate,
394 2623 451 2691 etfi
476 2617 656 2692 consensus
683 2621 842 2693 omnium
869 2620 906 2693 in
934 2626 1167 2722 transpositio·

187 2741 303 2830 nibus,
330 2760 368 2813 ut
386 2738 479 2813 Hist.
494 2742 560 2828 Ill,
577 2764 609 2837 5.
635 2744 693 2836 65.
721 2741 885 2815 credibile
908 2742 1000 2817 facit.
1049 2745 1166 2842 Speci-

185 2885 267 2933 men
285 2858 459 2957 scripturae
476 2885 519 2932 ex
549 2863 594 2933 L.
612 2863 694 2934 Xll.
724 2860 853 2936 Annal.
871 2861 1009 2938 inseruit
1033 2866 1167 2942 Mabil-
1320 2864 1323 2870 ’

186 2980 301 3050 louius
333 2979 442 3073 Operi
472 2980 726 3076 Diplomatico‚
762 2985 808 3055 L.
826 2985 871 3054 V.
901 2986 995 3058 Tab.
1021 3010 1053 3082 5.
1079 3013 1114 3058 n.
1134 3011 1167 3083 5.
1298 3001 1300 3007 '

186 3124 222 3192 p.
258 3121 356 3194 553.·
380 3098 502 3170 melius
535 3099 662 3172 dedere
696 3104 867 3174 Audores
898 3104 996 3175 Novi
1040 3105 1168 3200 Operis

184 3216 427 3311 Diplomatici,
454 3218 546 3290 Tab.
562 3243 623 3313 49.
654 3218 767 3314 qui&
792 3242 953 3293 accurare
969 3221 1013 3293 de
1030 3247 1072 3293 eo
1094 3223 1166 3295 Co-

182 3334 264 3405 dice
281 3334 509 3422 tradidemnt,
537 3361 570 3431 p.
589 3340 671 3432 278.
693 3360 775 3434 279.
793 3339 829 3410 in
847 3337 965 3436 primis
988 3339 1167 3416 inserenda

181 3452 326 3546 epistola
355 3453 605 3530 bibliothecarii
632 3457 787 3530 Medicei
811 3458 910 3555 super
938 3460 1007 3532 hoc
1032 3460 1168 3534 Codice
1283 3528 1313 3553 y.

180 3596 213 3640 a.
237 3578 278 3669 1‘7
284 3599 328 3668 52
348 3575 392 3646 ad
409 3573 584 3648 Botarium
604 3577 646 3647 V.
664 3576 705 3648 C.
724 3574 856 3676 scripta
970 3628 972 3631 -
