2738 4710
160 296 200 393 *n

184 475 219 544 ὅτ
248 493 328 544 cum
355 462 458 540 editis
481 463 659 540 contulere
682 461 827 540 Curtius·
844 460 998 539 Piclrena
1021 464 1056 538 ἃ
1083 464 1162 562 Jac.

184 587 402 678 Gronovius,
430 585 484 659 vir
506 585 541 658 in
566 577 662 660 libris
679 586 807 685 scriptis
822 587 920 659 tritus
941 586 1159 666 admodum:

185 731 336 804 quorum
374 704 553 805 diligentia
595 734 667 780 non
701 734 826 806 parum
862 706 988 781 Tacito
1022 706 1163 805 profuit.
1209 778 1210 784 ,

182 811 296 903 Hunc
313 827 483 900 Codicem
510 826 773 902 vetustissimum
800 830 867 901 esse
883 828 1040 901 constat:
1070 848 1162 902 cete-

180 972 261 1021 rum
279 947 464 1038 viriduni,
491 946 551 1046 qrii
568 974 649 1023 eum
665 953 868 1063 uquarum,
887 951 1085 1039 Beroaldus,
1103 950 1161 1022 Pi·

180 1069 305 1160 chena,
333 1089 469 1143 tantum
487 1068 640 1143 universe
656 1069 727 1168 ejus
751 1069 989 1167 antiquitatem
1007 1094 1162 1144 comme·

180 1215 373 1279 motavere,
399 1178 481 1263 cum
497 1192 542 1263 de
558 1190 695 1264 alterius
712 1212 813 1264 aetate
830 1197 863 1264 δι
881 1188 1044 1287 scriptura
1060 1187 1163 1263 multi

181 1307 360 1381 dixerint:
395 1311 490 1383 unde
517 1308 649 1384 fastum
679 1310 830 1401 videtur,
866 1331 905 1384 ut
935 1312 980 1384 de
1011 1331 1170 1409 utroque

181 1429 314 1502 Codice
341 1430 513 1522 nonnulli,
540 1451 712 1529 tanquam
739 1432 784 1505 de
810 1457 896 1522 uno,
923 1432 1160 1528 loquerentur,

143 1560 145 1573 '
179 1552 276 1624 velut
305 1550 375 1649 ipse
405 1553 494 1625 Abr.
523 1552 740 1643 Gronovius,
765 1555 810 1624 V.
829 1554 871 1626 C.
898 1552 936 1625 in
964 1542 1164 1655 praelatione

179 1659 340 1745 editionii
353 1673 474 1769 Lugd.
492 1675 564 1746 Bat.
578 1699 610 1746 a.
637 1697 740 1770 1721.
766 1674 1010 1771 promulgatae,
1029 1670 1084 1745 cui
1101 1696 1162 1767 pa-

179 1791 286 1866 rentis
314 1813 412 1864 notas
438 1793 596 1880 addidit;
627 1818 711 1865 cum
732 1790 908 1866 diversum
932 1794 1026 1865 hunc
1052 1789 1164 1865 Codi-

179 1938 258 1985 cem
275 1914 341 1985 elle
357 1915 402 1985 ab
419 1914 539 2003 altero,
566 1913 611 1986 de
628 1938 700 2010 quo
716 1939 817 2004 mox,
847 1933 979 1986 certum
998 1915 1048 1984 srt.
1089 1909 1163 1983 vid.

73 2055 78 2062 “
178 2033 387 2108 Montesalc.
415 2033 504 2107 Bibl.
523 2035 625 2107 MSS.
655 2061 690 2131 p.
709 2058 791 2131 374.
840 2033 949 2132 Qrod
976 2035 998 2105 si
1024 2031 1162 2126 Jacobo

177 2155 387 2253 contigisset,
412 2175 452 2228 ut
476 2153 545 2252 ipse
567 2155 648 2228 huic
664 2153 807 2227 editioni
830 2153 1041 2252 praesaretur,
1067 2152 1162 2224 haud

178 2276 286 2350 dubie
302 2275 552 2350 accuratiorem
572 2272 645 2373 ejus
661 2268 802 2348 codicis'
818 2273 1083 2372 descriptionem
1101 2276 1162 2346 ha-

178 2401 349 2471 beremus.
384 2397 456 2469 vid.
484 2398 528 2469 de
543 2398 613 2470 hoc
636 2394 771 2469 Codice
789 2394 894 2469 etiam
922 2398 1162 2470 Monumenta

139 2541 159 2610 *,
179 2520 327 2592 Paderb.
359 2546 393 2616 p.
414 2543 469 2617 71.
498 2542 554 2615 72.
606 2519 708 2591 Alter
736 2516 953 2608 Florentinus
977 2516 1077 2605 liber,
1106 2514 1164 2588 Pi·

178 2641 298 2714 chenae
310 2625 458 2737 judicio,
484 2665 515 2712 a.
533 2640 575 2712 C.
596 2622 760 2711 cccxcv.
784 2636 925 2735 scriptus
948 2637 1009 2711 est.
1041 2641 1170 2733 Qtern,

176 2761 301 2835 erroris
318 2760 471 2860 coarguit
487 2757 654 2857 scriptura
671 2758 765 2849 libri,
792 2754 871 2856 quae
890 2755 1162 2856 Langobardica

178 2881 250 2953 est:
277 2883 371 2953 unde
401 2901 507 2977 patet,
534 2907 617 2954 eum
645 2900 803 2976 tempore
830 2875 1095 2978 Langobardici
1124 2875 1162 2946 in

176 3001 276 3074 Italia
293 3000 440 3093 imperii,
470 3021 530 3071 aut
554 3001 712 3097 proxime
737 2999 858 3074 secutis
875 2998 1008 3088 seculis,
1035 2995 1163 3092 quibus

177 3117 341 3212 scriptura
357 3118 629 3211 Langobardica
641 3123 756 3192 adhuc
769 3118 1004 3217 usurpabatur,
1023 3112 1162 3184 decimo

176 3236 411 3312 undecimove
427 3233 555 3322 seculo,
588 3241 689 3330 (nam
708 3237 830 3310 certior
847 3235 1011 3331 temporis
1035 3231 1070 3303 in
1093 3233 1161 3307 hoc
1236 3293 1243 3313 .

111 3382 117 3387 ·
172 3349 304 3455 'genere
322 3351 479 3426 definitio
507 3355 574 3424 effe
591 3379 663 3428 non
688 3357 819 3451 potest)
848 3343 1161 3427 evetcre'Codice
1234 3385 1236 3388 ’

176 3475 385 3570 descriptum
417 3472 494 3543 elle.
551 3475 649 3546 Nam
678 3476 775 3570 quod
806 3472 1091 3569 subscriptionem
1121 3470 1163 3547 in

177 3598 273 3671 calce
300 3596 390 3666 hanc
410 3592 540 3663 habet:
578 3593 645 3690 Ego
661 3595 821 3688 Sallustius
842 3595 905 3687 legi
938 3596 977 3667 &
1000 3594 1164 3666 emendavi

175 3717 282 3792 Rornae
292 3714 402 3805 fulix,
431 3711 552 3783 Olibrio
577 3713 617 3786 Θ
641 3713 774 3792 Probino
795 3712 868 3806 Coffi
887 3717 921 3788 in
936 3717 1011 3809 foro
1034 3713 1161 3787 Martis
