2760 4718
369 344 666 415 Arruntium
694 339 891 413 Lta.VI.
1070 345 1139 441 283

161 512 356 591 inlustrium
396 502 566 608 virorum,
617 543 742 616 expers
783 507 884 591 erat?
933 515 970 589 ni
1011 516 1142 608 Celsus,

162 637 313 712 Urbanae
352 639 503 711 cohortis
541 638 712 727 tribunus,
757 660 834 735 tum
874 636 964 710 inter
996 636 1142 729 indiceS,

163 757 328 855 Appium'
352 759 593 832 &Calvisium
617 756 803 831 discrimini
827 757 1016 831 exemisset.
1064 761 1144 833 Cae-

160 877 212 951 sar
235 878 415 967 Pollionis,
447 904 487 951 ac
505 878 690 968 Viniciani,
716 878 907 979 *Scaurique
929 877 1079 968 causam,
1105 900 1144 952 ut

160 998 232 1097 ipse
254 1024 337 1073 cum
360 997 475 1072 senatu
504 999 671 1088 nosceret,
701 996 857 1085 distulit;
892 998 979 1072 datis
1004 997 1145 1097 quibus·

160 1121 247 1193 dam
264 1120 299 1192 in
316 1122 482 1193 Scaurum
501 1119 651 1193 tristibus
668 1119 770 1192 notis.

211 1243 260 1315 X.
288 1243 351 1313 Na
372 1264 539 1314 annuum
556 1240 701 1338 quidem
719 1238 868 1313 exsortes
885 1239 1054 1337 periculi:
1074 1241 1145 1337 qua

163 1358 382 1458 occupandae
410 1360 609 1457 reipublicae
626 1360 725 1459 argui
743 1386 814 1434 non
832 1380 1002 1458 poterant,
1032 1363 1081 1434 ob
1097 1363 1146 1434 la·

164 1481 290 1555 crimas
320 1479 586 1554 incusabantur:
624 1503 816 1579 necataque
845 1481 895 1555 est
919 1506 1004 1554 anus
1037 1481 1145 1572 Vitia,

162 1602 255 1676 Fusii
286 1602 433 1675 Gemini·
459 1623 580 1692 mater,
609 1592 707 1700 qudd
742 1603 804 1676 filii
829 1628 952 1677 necem
987 1602 1145 1677 flevisset.

162 1726 256 1797 Haec
278 1723 373 1819 apud
397 1729 576 1796 senatum:
604 1749 668 1795 nec
695 1720 789 1796 secus
813 1723 906 1821 apud
928 1723 1143 1820 Principem,

148 1841 378 1929 :Vescularius
406 1843 560 1934 Atticus,
584 1869 626 1916 ac
653 1843 768 1938 Julius
790 1843 949 1918 Marinus
977 1847 1023 1919 ad
1049 1871 1143 1918 mor·

160 1983 232 2038 tem
250 1983 414 2064 aguntur,
438 1990 457 2037 e
478 1956 707 2038 vetustissimis
735 1963 955 2037 familiarium
967 1942 1143 2039 Rhodum

158 2083 282 2177 secuti,
316 2087 466 2190 &apud
498 2087 650 2183 Capreas
680 2083 864 2158 individui.
915 2084 1142 2176 Vescularius,

159 2204 360 2281 insidiarum
378 2208 414 2281 in
428 2207 606 2299 Libonem
623 2205 878 2279 internuntius:
904 2207 1046 2281 Marino
1062 2233 1141 2306 par-

158 2327 274 2426 ticipe,
296 2328 438 2426 Sejanus
453 2328 615 2400 Curtium
630 2326 792 2400 Atticum
809 2329 1041 2423 oppresserat:
1070 2326 1144 2426 qud

161 2449 273 2536 latitia
299 2468 498 2544 acceptum,
525 2445 584 2519 sua
605 2436 767 2545 exempla
789 2446 824 2520 in
852 2443 1063 2520 consultores
1089 2473 1141 2520 re·

160 2568 289 2642 cidisse.
338 2570 404 2640 Per
420 2567 515 2639 idem
540 2588 678 2665 tempus
702 2571 748 2641 L.
770 2566 862 2658 Piso,
890 2565 1062 2663 pontifex,
1089 2593 1164 2640 ra·-

160 2714 241 2762 rum
270 2687 306 2760 in
332 2690 430 2763 tants:
453 2687 670 2779 claritudine,
694 2687 766 2763 fato
790 2688 903 2762 obiit:
930 2687 1060 2761 nullius
1076 2685 1141 2760 ser-

160 2807 239 2882 vilis
264 2807 440 2883 sententiae
456 2809 576 2907 sponte
600 2811 735 2898 audior,
766 2808 978 2907 &quotiens
1002 2811 1140 2883 necessr-

159 2949 209 3002 tas
238 2920 428 3026 ingrueret,
470 2928 639 3027 sapienter
669 2931 895 3003 moderans«
940 2932 1079 3003 Patrem
1109 2929 1141 3003 ei

159 3049 350 3123 censorium
367 3049 465 3123 fuisse
483 3051 700 3125 memoravi:
730 3072 811 3124 atas
828 3052 872 3124 ad
891 3053 1142 3149 oslogesrmum

163 3197 296 3244 annum
329 3172 507 3269 pro'ceffit:
547 3174 653 3247 decus
683 3172 892 3270 triumphale
925 3171 960 3245 in
992 3172 1143 3246 Thracia

162 3315 357 3366 memerat:
384 3290 442 3368 sed
467 3293 642 3390 praecipua
659 3318 704 3366 ex
721 3319 763 3366 eo
781 3293 908 3392 gloria,
932 3291 1028 3390 quod
1053 3317 1139 3389 prae·

162 3408 272 3485 sedus
289 3414 380 3488 Urbi
397 3414 528 3503 recens,
543 3413 745 3488 continuam
764 3413 986 3510 potestatem,
1005 3415 1142 3490 aiulo·
1202 3443 1208 3455 ‘

158 3533 263 3608 lentis
287 3536 429 3632 parendi
448 3534 657 3633 graviorem,
684 3531 769 3606 mire
797 3533 1016 3631 temperavit.

206 3658 273 3731 XI.
299 3658 483 3742 Namque
513 3675 625 3746 antea,
660 3652 821 3753 prosectis
844 3656 953 3730 domo
981 3657 1137 3756 regibus,

158 3756 199 3851 ac
216 3801 302 3855 mox
326 3774 592 3878 magistratibus,
610 3802 654 3851 ne
672 3777 769 3850 Urbs
788 3780 856 3853 fine
871 3776 1020 3878 imperio
1035 3776 1139 3868 soret,
