<?xml version="1.0" encoding="UTF-8"?>
<!DOCTYPE html PUBLIC "-//W3C//DTD XHTML 1.0 Transitional//EN"
    "http://www.w3.org/TR/xhtml1/DTD/xhtml1-transitional.dtd">
<html xmlns="http://www.w3.org/1999/xhtml" xml:lang="en" lang="en">
 <head>
  <title>
</title>
<meta http-equiv="Content-Type" content="text/html;charset=utf-8" />
  <meta name='ocr-system' content='tesseract 3.04.00' />
  <meta name='ocr-capabilities' content='ocr_page ocr_carea ocr_par ocr_line ocrx_word'/>
</head>
<body>
  <div class='ocr_page' id='page_1' title='image "./ccorneliitaciti00freigoog_0327.png"; bbox 0 0 2760 4718; ppageno 0'>
   <div class='ocr_carea' id='block_1_1' title="bbox 267 279 1064 423">
    <p class='ocr_par' dir='ltr' id='par_1_1' title="bbox 267 279 1064 423">
     <span class='ocr_line' id='line_1_1' title="bbox 267 279 1064 423; baseline -0.01 -24"><span class='ocrx_word' id='word_1_1' title='bbox 267 279 373 423; x_wconf 29' lang='lat'><strong><em>278¹</em></strong></span> <span class='ocrx_word' id='word_1_2' title='bbox 484 320 525 394; x_wconf 88' lang='lat' dir='ltr'>C.</span> <span class='ocrx_word' id='word_1_3' title='bbox 557 320 831 393; x_wconf 78' lang='lat' dir='ltr'>Conusttr</span> <span class='ocrx_word' id='word_1_4' title='bbox 860 316 1064 393; x_wconf 77' lang='lat' dir='ltr'>Tncrtr</span> 
     </span>
    </p>
   </div>
   <div class='ocr_carea' id='block_1_2' title="bbox 164 494 1278 3859">
    <p class='ocr_par' dir='ltr' id='par_1_2' title="bbox 164 494 1278 2382">
     <span class='ocr_line' id='line_1_2' title="bbox 272 494 1267 592; baseline -0.004 -18"><span class='ocrx_word' id='word_1_5' title='bbox 272 498 442 575; x_wconf 88' lang='lat' dir='ltr'>“satione</span> <span class='ocrx_word' id='word_1_6' title='bbox 465 498 607 587; x_wconf 71' lang='lat' dir='ltr'>intenta,</span> <span class='ocrx_word' id='word_1_7' title='bbox 633 521 728 570; x_wconf 90' lang='lat' dir='ltr'>nunc</span> <span class='ocrx_word' id='word_1_8' title='bbox 757 495 916 568; x_wconf 77' lang='lat' dir='ltr'>silerent?</span> <span class='ocrx_word' id='word_1_9' title='bbox 949 514 1085 568; x_wconf 89' lang='lat' dir='ltr'>metum</span> <span class='ocrx_word' id='word_1_10' title='bbox 1116 494 1267 592; x_wconf 84' lang='lat' dir='ltr'>prorsus</span> 
     </span>
     <span class='ocr_line' id='line_1_3' title="bbox 209 613 1264 714; baseline -0.005 -19"><span class='ocrx_word' id='word_1_11' title='bbox 209 690 211 695; x_wconf 85' lang='lat'><em>.</em></span> <span class='ocrx_word' id='word_1_12' title='bbox 271 628 299 664; x_wconf 90' lang='lat'>“</span> <span class='ocrx_word' id='word_1_13' title='bbox 327 625 360 693; x_wconf 72' lang='grc' dir='ltr'>δι</span> <span class='ocrx_word' id='word_1_14' title='bbox 390 619 533 691; x_wconf 88' lang='lat' dir='ltr'><strong>noxiam</strong></span> <span class='ocrx_word' id='word_1_15' title='bbox 563 615 779 691; x_wconf 75' lang='lat' dir='ltr'>conscientiae</span> <span class='ocrx_word' id='word_1_16' title='bbox 801 641 866 714; x_wconf 92' lang='lat' dir='ltr'>pro</span> <span class='ocrx_word' id='word_1_17' title='bbox 887 613 1020 690; x_wconf 86' lang='lat' dir='ltr'>soedere</span> <span class='ocrx_word' id='word_1_18' title='bbox 1044 616 1192 690; x_wconf 90' lang='lat' dir='ltr'>haberi:</span> <span class='ocrx_word' id='word_1_19' title='bbox 1224 638 1264 691; x_wconf 91' lang='lat' dir='ltr'>at</span> 
     </span>
     <span class='ocr_line' id='line_1_4' title="bbox 272 737 1260 839; baseline -0.001 -25"><span class='ocrx_word' id='word_1_20' title='bbox 272 750 300 785; x_wconf 92' lang='lat'><strong>“</strong></span> <span class='ocrx_word' id='word_1_21' title='bbox 318 768 392 814; x_wconf 87' lang='lat' dir='ltr'>non</span> <span class='ocrx_word' id='word_1_22' title='bbox 409 742 562 839; x_wconf 89' lang='lat' dir='ltr'>patribus</span> <span class='ocrx_word' id='word_1_23' title='bbox 579 737 769 828; x_wconf 90' lang='lat' dir='ltr'>reticenda,</span> <span class='ocrx_word' id='word_1_24' title='bbox 787 763 865 835; x_wconf 79' lang='lat' dir='ltr'>qua</span> <span class='ocrx_word' id='word_1_25' title='bbox 883 737 1128 812; x_wconf 83' lang='lat' dir='ltr'>audivissent.”</span> <span class='ocrx_word' id='word_1_26' title='bbox 1182 742 1260 813; x_wconf 87' lang='lat' dir='ltr'>Re-</span> 
     </span>
     <span class='ocr_line' id='line_1_5' title="bbox 242 858 1259 960; baseline -0.001 -25"><span class='ocrx_word' id='word_1_27' title='bbox 242 902 244 906; x_wconf 42' lang='lat'><em>⁴</em></span> <span class='ocrx_word' id='word_1_28' title='bbox 271 864 373 960; x_wconf 87' lang='lat' dir='ltr'>gulus</span> <span class='ocrx_word' id='word_1_29' title='bbox 392 868 571 934; x_wconf 87' lang='lat' dir='ltr'>“manere</span> <span class='ocrx_word' id='word_1_30' title='bbox 590 879 728 956; x_wconf 90' lang='lat' dir='ltr'>tempus</span> <span class='ocrx_word' id='word_1_31' title='bbox 738 858 890 949; x_wconf 88' lang='lat' dir='ltr'>ultionis,</span> <span class='ocrx_word' id='word_1_32' title='bbox 904 859 1010 958; x_wconf 88' lang='lat' dir='ltr'>seque</span> <span class='ocrx_word' id='word_1_33' title='bbox 1020 883 1140 934; x_wconf 82' lang='lat' dir='ltr'>coram</span> <span class='ocrx_word' id='word_1_34' title='bbox 1152 861 1259 934; x_wconf 90' lang='lat' dir='ltr'>Prin-</span> 
     </span>
     <span class='ocr_line' id='line_1_6' title="bbox 164 979 1259 1082; baseline 0.001 -28"><span class='ocrx_word' id='word_1_35' title='bbox 164 988 166 991; x_wconf 81' lang='grc'><strong>’</strong></span> <span class='ocrx_word' id='word_1_36' title='bbox 270 989 302 1082; x_wconf 85' lang='lat'>“.</span> <span class='ocrx_word' id='word_1_37' title='bbox 317 981 393 1079; x_wconf 88' lang='lat' dir='ltr'>cipe</span> <span class='ocrx_word' id='word_1_38' title='bbox 412 979 653 1054; x_wconf 85' lang='lat' dir='ltr'>exsecuturum</span> <span class='ocrx_word' id='word_1_39' title='bbox 667 981 704 1052; x_wconf 90' lang='lat'>:”</span> <span class='ocrx_word' id='word_1_40' title='bbox 724 979 813 1052; x_wconf 91' lang='lat' dir='ltr'>Trio</span> <span class='ocrx_word' id='word_1_41' title='bbox 837 987 864 1023; x_wconf 90' lang='lat'><strong>“</strong></span> <span class='ocrx_word' id='word_1_42' title='bbox 888 980 1150 1055; x_wconf 85' lang='lat' dir='ltr'>aemulationem</span> <span class='ocrx_word' id='word_1_43' title='bbox 1167 981 1259 1055; x_wconf 87' lang='lat' dir='ltr'>inter</span> 
     </span>
     <span class='ocr_line' id='line_1_7' title="bbox 272 1085 1259 1201; baseline 0.004 -28"><span class='ocrx_word' id='word_1_44' title='bbox 272 1108 301 1145; x_wconf 85' lang='lat'><strong>“</strong></span> <span class='ocrx_word' id='word_1_45' title='bbox 318 1104 485 1200; x_wconf 86' lang='lat' dir='ltr'>collegas,</span> <span class='ocrx_word' id='word_1_46' title='bbox 516 1105 550 1173; x_wconf 74' lang='grc' dir='ltr'>δι</span> <span class='ocrx_word' id='word_1_47' title='bbox 586 1104 608 1173; x_wconf 86' lang='lat' dir='ltr'>fi</span> <span class='ocrx_word' id='word_1_48' title='bbox 643 1127 713 1198; x_wconf 91' lang='lat' dir='ltr'>qua</span> <span class='ocrx_word' id='word_1_49' title='bbox 745 1085 917 1175; x_wconf 83' lang='lat' dir='ltr'>discordes</span> <span class='ocrx_word' id='word_1_50' title='bbox 938 1100 1098 1201; x_wconf 83' lang='lat' dir='ltr'>jecissent</span> <span class='ocrx_word' id='word_1_51' title='bbox 1128 1101 1259 1177; x_wconf 76' lang='lat' dir='ltr'>melius</span> 
     </span>
     <span class='ocr_line' id='line_1_8' title="bbox 270 1218 1257 1321; baseline 0.003 -28"><span class='ocrx_word' id='word_1_52' title='bbox 270 1227 298 1264; x_wconf 88' lang='lat'><strong>“</strong></span> <span class='ocrx_word' id='word_1_53' title='bbox 326 1220 538 1310; x_wconf 83' lang='lat' dir='ltr'>obliterari,‘&#39;</span> <span class='ocrx_word' id='word_1_54' title='bbox 555 1218 741 1318; x_wconf 87' lang='lat' dir='ltr'><strong>respondit.</strong></span> <span class='ocrx_word' id='word_1_55' title='bbox 790 1223 952 1320; x_wconf 86' lang='lat' dir='ltr'>Urgente</span> <span class='ocrx_word' id='word_1_56' title='bbox 976 1222 1149 1321; x_wconf 61' lang='lat' dir='ltr'>Agrippi,</span> <span class='ocrx_word' id='word_1_57' title='bbox 1167 1225 1257 1296; x_wconf 84' lang='lat' dir='ltr'>Sau-</span> 
     </span>
     <span class='ocr_line' id='line_1_9' title="bbox 268 1339 1273 1439; baseline 0.008 -27"><span class='ocrx_word' id='word_1_58' title='bbox 268 1339 409 1439; x_wconf 89' lang='lat' dir='ltr'>quinius</span> <span class='ocrx_word' id='word_1_59' title='bbox 426 1341 622 1430; x_wconf 85' lang='lat' dir='ltr'>Maximus,</span> <span class='ocrx_word' id='word_1_60' title='bbox 640 1368 660 1414; x_wconf 90' lang='lat' dir='ltr'>e</span> <span class='ocrx_word' id='word_1_61' title='bbox 677 1340 928 1433; x_wconf 89' lang='lat' dir='ltr'>consularibus,</span> <span class='ocrx_word' id='word_1_62' title='bbox 952 1343 1066 1418; x_wconf 87' lang='lat' dir='ltr'>oravit</span> <span class='ocrx_word' id='word_1_63' title='bbox 1080 1342 1273 1437; x_wconf 85' lang='lat' dir='ltr'>senatum,</span> 
     </span>
     <span class='ocr_line' id='line_1_10' title="bbox 273 1461 1255 1562; baseline 0.006 -29"><span class='ocrx_word' id='word_1_64' title='bbox 273 1467 302 1505; x_wconf 87' lang='lat'><strong>“</strong></span> <span class='ocrx_word' id='word_1_65' title='bbox 321 1486 365 1534; x_wconf 89' lang='lat' dir='ltr'>ne</span> <span class='ocrx_word' id='word_1_66' title='bbox 389 1486 488 1535; x_wconf 80' lang='lat' dir='ltr'>curas</span> <span class='ocrx_word' id='word_1_67' title='bbox 514 1461 764 1559; x_wconf 69' lang='lat' dir='ltr'>Imperatoris,=</span> <span class='ocrx_word' id='word_1_68' title='bbox 779 1463 979 1562; x_wconf 77' lang='lat' dir='ltr'>conquisitis</span> <span class='ocrx_word' id='word_1_69' title='bbox 1000 1462 1137 1562; x_wconf 91' lang='lat' dir='ltr'>insuper</span> <span class='ocrx_word' id='word_1_70' title='bbox 1159 1491 1255 1539; x_wconf 87' lang='lat' dir='ltr'>acer·</span> 
     </span>
     <span class='ocr_line' id='line_1_11' title="bbox 271 1571 1256 1682; baseline 0.004 -27"><span class='ocrx_word' id='word_1_71' title='bbox 271 1571 300 1626; x_wconf 79' lang='lat'><em>“</em></span> <span class='ocrx_word' id='word_1_72' title='bbox 318 1582 484 1656; x_wconf 89' lang='lat' dir='ltr'>bitatibus</span> <span class='ocrx_word' id='word_1_73' title='bbox 518 1604 705 1681; x_wconf 81' lang='lat' dir='ltr'>augerent:</span> <span class='ocrx_word' id='word_1_74' title='bbox 736 1581 892 1657; x_wconf 87' lang='lat' dir='ltr'>sufficere</span> <span class='ocrx_word' id='word_1_75' title='bbox 921 1582 1033 1682; x_wconf 81' lang='lat' dir='ltr'>ipsum</span> <span class='ocrx_word' id='word_1_76' title='bbox 1058 1584 1256 1660; x_wconf 81' lang='lat' dir='ltr'>statuendis</span> 
     </span>
     <span class='ocr_line' id='line_1_12' title="bbox 271 1681 1257 1803; baseline 0.007 -29"><span class='ocrx_word' id='word_1_77' title='bbox 271 1711 301 1748; x_wconf 88' lang='lat'><strong>“</strong></span> <span class='ocrx_word' id='word_1_78' title='bbox 319 1703 526 1776; x_wconf 80' lang='lat' dir='ltr'>remediis:&#39;&#39;</span> <span class='ocrx_word' id='word_1_79' title='bbox 559 1708 603 1777; x_wconf 88' lang='lat' dir='ltr'>fic</span> <span class='ocrx_word' id='word_1_80' title='bbox 629 1706 772 1803; x_wconf 84' lang='lat' dir='ltr'>Regulo</span> <span class='ocrx_word' id='word_1_81' title='bbox 789 1703 890 1795; x_wconf 86' lang='lat' dir='ltr'>salus,</span> <span class='ocrx_word' id='word_1_82' title='bbox 916 1711 950 1779; x_wconf 69' lang='grc' dir='ltr'>ἃ</span> <span class='ocrx_word' id='word_1_83' title='bbox 974 1704 1101 1778; x_wconf 90' lang='lat' dir='ltr'>Trioni</span> <span class='ocrx_word' id='word_1_84' title='bbox 1127 1681 1257 1781; x_wconf 83' lang='lat' dir='ltr'>dilatio</span> 
     </span>
     <span class='ocr_line' id='line_1_13' title="bbox 269 1824 1259 1925; baseline 0.002 -25"><span class='ocrx_word' id='word_1_85' title='bbox 269 1826 367 1900; x_wconf 88' lang='lat' dir='ltr'>exitii</span> <span class='ocrx_word' id='word_1_86' title='bbox 385 1829 534 1924; x_wconf 82' lang='lat' dir='ltr'>quaesrta.</span> <span class='ocrx_word' id='word_1_87' title='bbox 586 1825 755 1900; x_wconf 87' lang='lat' dir='ltr'>Haterius</span> <span class='ocrx_word' id='word_1_88' title='bbox 771 1826 909 1900; x_wconf 80' lang='lat' dir='ltr'>invisior</span> <span class='ocrx_word' id='word_1_89' title='bbox 922 1824 1003 1916; x_wconf 86' lang='lat' dir='ltr'>fuit,</span> <span class='ocrx_word' id='word_1_90' title='bbox 1031 1825 1112 1925; x_wconf 92' lang='lat' dir='ltr'>quia</span> <span class='ocrx_word' id='word_1_91' title='bbox 1126 1824 1259 1902; x_wconf 89' lang='lat' dir='ltr'>somno</span> 
     </span>
     <span class='ocr_line' id='line_1_14' title="bbox 268 1946 1254 2046; baseline 0.001 -25"><span class='ocrx_word' id='word_1_92' title='bbox 268 1969 326 2021; x_wconf 85' lang='lat' dir='ltr'>aut</span> <span class='ocrx_word' id='word_1_93' title='bbox 355 1947 545 2021; x_wconf 77' lang='lat' dir='ltr'>libidinosis</span> <span class='ocrx_word' id='word_1_94' title='bbox 568 1946 698 2044; x_wconf 85' lang='lat' dir='ltr'>vigiliis</span> <span class='ocrx_word' id='word_1_95' title='bbox 721 1947 909 2038; x_wconf 80' lang='lat' dir='ltr'>marcidus,</span> <span class='ocrx_word' id='word_1_96' title='bbox 929 1951 963 2020; x_wconf 75' lang='grc' dir='ltr'>ὅτ</span> <span class='ocrx_word' id='word_1_97' title='bbox 984 1951 1032 2022; x_wconf 93' lang='lat' dir='ltr'>ob</span> <span class='ocrx_word' id='word_1_98' title='bbox 1053 1946 1254 2046; x_wconf 73' lang='lat' dir='ltr'>segnitiam,</span> 
     </span>
     <span class='ocr_line' id='line_1_15' title="bbox 269 2066 1278 2165; baseline 0.002 -26"><span class='ocrx_word' id='word_1_99' title='bbox 269 2066 429 2164; x_wconf 84' lang='lat' dir='ltr'>quamvis</span> <span class='ocrx_word' id='word_1_100' title='bbox 461 2069 639 2139; x_wconf 86' lang='lat' dir='ltr'>crudelem</span> <span class='ocrx_word' id='word_1_101' title='bbox 667 2067 865 2165; x_wconf 84' lang='lat' dir='ltr'>Principem</span> <span class='ocrx_word' id='word_1_102' title='bbox 892 2093 964 2139; x_wconf 92' lang='lat' dir='ltr'>non</span> <span class='ocrx_word' id='word_1_103' title='bbox 991 2088 1163 2157; x_wconf 86' lang='lat' dir='ltr'>metuens,</span> <span class='ocrx_word' id='word_1_104' title='bbox 1194 2069 1278 2159; x_wconf 15' lang='lat' dir='ltr'>in·-</span> 
     </span>
     <span class='ocr_line' id='line_1_16' title="bbox 268 2185 1253 2285; baseline 0 -25"><span class='ocrx_word' id='word_1_105' title='bbox 268 2185 431 2260; x_wconf 88' lang='lat' dir='ltr'>lustribus</span> <span class='ocrx_word' id='word_1_106' title='bbox 454 2186 534 2260; x_wconf 87' lang='lat' dir='ltr'>viris</span> <span class='ocrx_word' id='word_1_107' title='bbox 563 2187 764 2285; x_wconf 91' lang='lat' dir='ltr'>perniciem,</span> <span class='ocrx_word' id='word_1_108' title='bbox 793 2187 879 2260; x_wconf 89' lang='lat' dir='ltr'>inter</span> <span class='ocrx_word' id='word_1_109' title='bbox 893 2210 1040 2285; x_wconf 87' lang='lat' dir='ltr'>ganeam</span> <span class='ocrx_word' id='word_1_110' title='bbox 1056 2212 1097 2258; x_wconf 88' lang='lat' dir='ltr'>ac</span> <span class='ocrx_word' id='word_1_111' title='bbox 1112 2185 1253 2284; x_wconf 85' lang='lat' dir='ltr'>stupra,</span> 
     </span>
     <span class='ocr_line' id='line_1_17' title="bbox 264 2291 1032 2382; baseline 0.001 0"><span class='ocrx_word' id='word_1_112' title='bbox 264 2291 518 2382; x_wconf 83' lang='lat' dir='ltr'>meditabatur.</span> <span class='ocrx_word' id='word_1_113' title='bbox 1030 2365 1032 2370; x_wconf 70' lang='lat'><em>.</em></span> 
     </span>
    </p>

    <p class='ocr_par' dir='ltr' id='par_1_3' title="bbox 262 2426 1255 3859">
     <span class='ocr_line' id='line_1_18' title="bbox 317 2426 1255 2532; baseline 0.003 -31"><span class='ocrx_word' id='word_1_114' title='bbox 317 2432 361 2502; x_wconf 91' lang='lat' dir='ltr'>V.</span> <span class='ocrx_word' id='word_1_115' title='bbox 382 2432 491 2503; x_wconf 76' lang='lat' dir='ltr'>Exin</span> <span class='ocrx_word' id='word_1_116' title='bbox 510 2431 617 2532; x_wconf 77' lang='lat' dir='ltr'>Cotta</span> <span class='ocrx_word' id='word_1_117' title='bbox 634 2431 853 2521; x_wconf 71' lang='lat' dir='ltr'>Messalinus,</span> <span class='ocrx_word' id='word_1_118' title='bbox 882 2428 1064 2504; x_wconf 83' lang='lat' dir='ltr'>saeviffimae</span> <span class='ocrx_word' id='word_1_119' title='bbox 1082 2426 1255 2528; x_wconf 84' lang='lat' dir='ltr'>cujusque</span> 
     </span>
     <span class='ocr_line' id='line_1_19' title="bbox 268 2548 1253 2650; baseline 0.003 -28"><span class='ocrx_word' id='word_1_120' title='bbox 268 2548 441 2643; x_wconf 77' lang='lat' dir='ltr'>sententia</span> <span class='ocrx_word' id='word_1_121' title='bbox 481 2553 613 2640; x_wconf 66' lang='lat' dir='ltr'>audior,</span> <span class='ocrx_word' id='word_1_122' title='bbox 648 2554 761 2650; x_wconf 76' lang='lat' dir='ltr'>eoque</span> <span class='ocrx_word' id='word_1_123' title='bbox 794 2553 979 2626; x_wconf 61' lang='lat' dir='ltr'>inveterati</span> <span class='ocrx_word' id='word_1_124' title='bbox 1008 2549 1151 2642; x_wconf 74' lang='lat' dir='ltr'>invidia,</span> <span class='ocrx_word' id='word_1_125' title='bbox 1188 2553 1253 2626; x_wconf 91' lang='lat' dir='ltr'>ubi</span> 
     </span>
     <span class='ocr_line' id='line_1_20' title="bbox 268 2669 1255 2772; baseline 0.004 -30"><span class='ocrx_word' id='word_1_126' title='bbox 268 2670 422 2767; x_wconf 73' lang='lat' dir='ltr'>primum</span> <span class='ocrx_word' id='word_1_127' title='bbox 433 2669 579 2745; x_wconf 86' lang='lat' dir='ltr'>facultas</span> <span class='ocrx_word' id='word_1_128' title='bbox 593 2673 686 2762; x_wconf 87' lang='lat' dir='ltr'>data,</span> <span class='ocrx_word' id='word_1_129' title='bbox 704 2673 859 2772; x_wconf 81' lang='lat' dir='ltr'>arguitur</span> <span class='ocrx_word' id='word_1_130' title='bbox 872 2674 1059 2771; x_wconf 87' lang='lat' dir='ltr'>pleraque:</span> <span class='ocrx_word' id='word_1_131' title='bbox 1076 2679 1102 2715; x_wconf 92' lang='lat'><strong>“</strong></span> <span class='ocrx_word' id='word_1_132' title='bbox 1116 2673 1158 2744; x_wconf 93' lang='lat' dir='ltr'>C.</span> <span class='ocrx_word' id='word_1_133' title='bbox 1172 2673 1255 2746; x_wconf 83' lang='lat' dir='ltr'>Cae-</span> 
     </span>
     <span class='ocr_line' id='line_1_21' title="bbox 267 2790 1252 2890; baseline 0.004 -26"><span class='ocrx_word' id='word_1_134' title='bbox 267 2791 421 2869; x_wconf 87' lang='lat' dir='ltr'>“sarem</span> <span class='ocrx_word' id='word_1_135' title='bbox 446 2797 539 2890; x_wconf 78' lang='lat' dir='ltr'>quasi</span> <span class='ocrx_word' id='word_1_136' title='bbox 560 2790 695 2866; x_wconf 84' lang='lat' dir='ltr'>incestae</span> <span class='ocrx_word' id='word_1_137' title='bbox 712 2793 925 2885; x_wconf 85' lang='lat' dir='ltr'>virilitatis,&#39;’</span> <span class='ocrx_word' id='word_1_138' title='bbox 954 2799 988 2868; x_wconf 79' lang='lat'>8:</span> <span class='ocrx_word' id='word_1_139' title='bbox 1006 2793 1088 2868; x_wconf 76' lang='lat' dir='ltr'>cum</span> <span class='ocrx_word' id='word_1_140' title='bbox 1112 2792 1172 2865; x_wconf 89' lang='lat' dir='ltr'>die</span> <span class='ocrx_word' id='word_1_141' title='bbox 1189 2820 1252 2868; x_wconf 86' lang='lat' dir='ltr'>ua-</span> 
     </span>
     <span class='ocr_line' id='line_1_22' title="bbox 267 2913 1253 3013; baseline 0.003 -28"><span class='ocrx_word' id='word_1_142' title='bbox 267 2915 328 2986; x_wconf 89' lang='lat' dir='ltr'>tali</span> <span class='ocrx_word' id='word_1_143' title='bbox 358 2913 526 3011; x_wconf 68' lang='lat' dir='ltr'>Augusta:</span> <span class='ocrx_word' id='word_1_144' title='bbox 544 2913 633 2986; x_wconf 91' lang='lat' dir='ltr'>inter</span> <span class='ocrx_word' id='word_1_145' title='bbox 665 2915 854 2988; x_wconf 81' lang='lat' dir='ltr'>sacerdotes</span> <span class='ocrx_word' id='word_1_146' title='bbox 874 2917 1081 3013; x_wconf 79' lang='lat' dir='ltr'>epularetur,</span> <span class='ocrx_word' id='word_1_147' title='bbox 1112 2915 1253 3002; x_wconf 84' lang='lat' dir='ltr'>Novem-</span> 
     </span>
     <span class='ocr_line' id='line_1_23' title="bbox 263 3034 1254 3135; baseline 0.008 -31"><span class='ocrx_word' id='word_1_148' title='bbox 263 3035 377 3105; x_wconf 75' lang='lat' dir='ltr'>dielem</span> <span class='ocrx_word' id='word_1_149' title='bbox 394 3057 470 3106; x_wconf 86' lang='lat' dir='ltr'>eam</span> <span class='ocrx_word' id='word_1_150' title='bbox 488 3060 621 3107; x_wconf 88' lang='lat' dir='ltr'>caenam</span> <span class='ocrx_word' id='word_1_151' title='bbox 638 3034 784 3109; x_wconf 83' lang='lat' dir='ltr'>dixisse:</span> <span class='ocrx_word' id='word_1_152' title='bbox 806 3035 1019 3134; x_wconf 90' lang='lat' dir='ltr'>querensque</span> <span class='ocrx_word' id='word_1_153' title='bbox 1035 3037 1081 3110; x_wconf 90' lang='lat' dir='ltr'>de</span> <span class='ocrx_word' id='word_1_154' title='bbox 1097 3037 1254 3135; x_wconf 57' lang='lat' dir='ltr'>potentis</span> 
     </span>
     <span class='ocr_line' id='line_1_24' title="bbox 266 3148 1252 3256; baseline 0.003 -28"><span class='ocrx_word' id='word_1_155' title='bbox 266 3156 324 3228; x_wconf 89' lang='lat' dir='ltr'>M.</span> <span class='ocrx_word' id='word_1_156' title='bbox 349 3152 493 3251; x_wconf 89' lang='lat' dir='ltr'>Lepidi,</span> <span class='ocrx_word' id='word_1_157' title='bbox 519 3181 560 3227; x_wconf 89' lang='lat' dir='ltr'>ac</span> <span class='ocrx_word' id='word_1_158' title='bbox 576 3159 622 3228; x_wconf 91' lang='lat' dir='ltr'>L.</span> <span class='ocrx_word' id='word_1_159' title='bbox 644 3155 819 3246; x_wconf 74' lang='lat' dir='ltr'>Arruntii,</span> <span class='ocrx_word' id='word_1_160' title='bbox 849 3148 931 3230; x_wconf 88' lang='lat' dir='ltr'>cum</span> <span class='ocrx_word' id='word_1_161' title='bbox 957 3157 1085 3256; x_wconf 91' lang='lat' dir='ltr'>quibus</span> <span class='ocrx_word' id='word_1_162' title='bbox 1101 3160 1149 3231; x_wconf 92' lang='lat' dir='ltr'>ob</span> <span class='ocrx_word' id='word_1_163' title='bbox 1174 3183 1252 3231; x_wconf 89' lang='lat' dir='ltr'>rem</span> 
     </span>
     <span class='ocr_line' id='line_1_25' title="bbox 268 3275 1253 3375; baseline 0.005 -29"><span class='ocrx_word' id='word_1_164' title='bbox 268 3275 507 3370; x_wconf 87' lang='lat' dir='ltr'>pecuniariam</span> <span class='ocrx_word' id='word_1_165' title='bbox 539 3275 767 3374; x_wconf 86' lang='lat' dir='ltr'>disceptabat,</span> <span class='ocrx_word' id='word_1_166' title='bbox 803 3276 982 3367; x_wconf 89' lang='lat' dir='ltr'>addidisse,</span> <span class='ocrx_word' id='word_1_167' title='bbox 1017 3284 1044 3319; x_wconf 79' lang='lat'>‘⁴</span> <span class='ocrx_word' id='word_1_168' title='bbox 1063 3276 1142 3350; x_wconf 91' lang='lat' dir='ltr'>illos</span> <span class='ocrx_word' id='word_1_169' title='bbox 1171 3279 1253 3375; x_wconf 83' lang='lat' dir='ltr'>qui-</span> 
     </span>
     <span class='ocr_line' id='line_1_26' title="bbox 268 3394 1254 3498; baseline 0.007 -33"><span class='ocrx_word' id='word_1_170' title='bbox 268 3395 397 3467; x_wconf 90' lang='lat' dir='ltr'>“dem</span> <span class='ocrx_word' id='word_1_171' title='bbox 431 3394 579 3488; x_wconf 88' lang='lat' dir='ltr'>senatus,</span> <span class='ocrx_word' id='word_1_172' title='bbox 620 3423 677 3471; x_wconf 89' lang='lat' dir='ltr'>me</span> <span class='ocrx_word' id='word_1_173' title='bbox 718 3419 835 3473; x_wconf 84' lang='lat' dir='ltr'>atrtem</span> <span class='ocrx_word' id='word_1_174' title='bbox 867 3399 1021 3498; x_wconf 82' lang='lat' dir='ltr'>tuebitur</span> <span class='ocrx_word' id='word_1_175' title='bbox 1052 3399 1254 3473; x_wconf 88' lang='lat' dir='ltr'>Tiberiolus</span> 
     </span>
     <span class='ocr_line' id='line_1_27' title="bbox 265 3518 1253 3617; baseline 0.007 -33"><span class='ocrx_word' id='word_1_176' title='bbox 265 3518 293 3555; x_wconf 88' lang='lat'><strong>“</strong></span> <span class='ocrx_word' id='word_1_177' title='bbox 314 3539 411 3587; x_wconf 87' lang='lat' dir='ltr'>meus</span> <span class='ocrx_word' id='word_1_178' title='bbox 428 3520 463 3588; x_wconf 89' lang='lat'>:”</span> <span class='ocrx_word' id='word_1_179' title='bbox 497 3544 610 3617; x_wconf 88' lang='lat' dir='ltr'>neque</span> <span class='ocrx_word' id='word_1_180' title='bbox 648 3521 773 3593; x_wconf 66' lang='lat' dir='ltr'>cundia</span> <span class='ocrx_word' id='word_1_181' title='bbox 806 3546 827 3593; x_wconf 92' lang='lat' dir='ltr'>a</span> <span class='ocrx_word' id='word_1_182' title='bbox 860 3519 1070 3617; x_wconf 86' lang='lat' dir='ltr'>primoribus</span> <span class='ocrx_word' id='word_1_183' title='bbox 1101 3519 1253 3593; x_wconf 83' lang='lat' dir='ltr'>civitatis</span> 
     </span>
     <span class='ocr_line' id='line_1_28' title="bbox 262 3632 1251 3738; baseline 0.011 -34"><span class='ocrx_word' id='word_1_184' title='bbox 262 3632 525 3726; x_wconf 83' lang='lat' dir='ltr'>revincebatur3</span> <span class='ocrx_word' id='word_1_185' title='bbox 560 3638 666 3737; x_wconf 91' lang='lat' dir='ltr'>iisque</span> <span class='ocrx_word' id='word_1_186' title='bbox 688 3640 903 3731; x_wconf 89' lang='lat' dir='ltr'>instantibus,</span> <span class='ocrx_word' id='word_1_187' title='bbox 937 3644 982 3738; x_wconf 86' lang='lat' dir='ltr'>ad</span> <span class='ocrx_word' id='word_1_188' title='bbox 998 3643 1251 3738; x_wconf 84' lang='lat' dir='ltr'>Imperatorem</span> 
     </span>
     <span class='ocr_line' id='line_1_29' title="bbox 266 3748 1248 3859; baseline 0.003 -32"><span class='ocrx_word' id='word_1_189' title='bbox 266 3748 492 3852; x_wconf 48' lang='lat' dir='ltr'>provocavit(</span> <span class='ocrx_word' id='word_1_190' title='bbox 533 3761 612 3832; x_wconf 85' lang='lat' dir='ltr'>Nec</span> <span class='ocrx_word' id='word_1_191' title='bbox 642 3760 756 3834; x_wconf 83' lang='lat' dir='ltr'>multd</span> <span class='ocrx_word' id='word_1_192' title='bbox 786 3760 864 3859; x_wconf 82' lang='lat' dir='ltr'>pbst</span> <span class='ocrx_word' id='word_1_193' title='bbox 890 3760 997 3837; x_wconf 86' lang='lat' dir='ltr'>literae</span> <span class='ocrx_word' id='word_1_194' title='bbox 1025 3758 1248 3850; x_wconf 85' lang='lat' dir='ltr'>adseruntur,</span> 
     </span>
    </p>
   </div>
   <div class='ocr_carea' id='block_1_3' title="bbox 0 0 1384 4718">
    <p class='ocr_par' dir='ltr' id='par_1_4' title="bbox 0 0 1384 4718">
     <span class='ocr_line' id='line_1_30' title="bbox 0 0 1384 4718; baseline 0 3"><span class='ocrx_word' id='word_1_195' title='bbox 0 0 1384 4718; x_wconf 95' lang='lat' dir='ltr'> </span> 
     </span>
    </p>
   </div>
  </div>
 </body>
</html>
