2834 4732
401 343 704 411 Arruntium
738 339 849 410 Lra.
882 340 930 410 ΙΙ.
1106 336 1155 439 91⁸

183 516 371 616 providum
400 519 433 588 8(
463 513 602 587 facilem
630 513 802 604 inanibus,
836 516 881 588 ad
906 510 1154 591 'Chaldaeorum

85 656 95 666 ”
183 635 355 735 promissa,
384 637 578 732 Magorum
604 633 708 723 sacra,
733 634 949 708 somniorum
974 633 1078 707 etiam
1102 636 1154 709 in-

179 775 341 854 terpretes
367 754 531 851 impulit:
566 755 653 827 dum
684 762 900 851 “proavum
928 755 1154 852 Pompeium,

180 878 369 950 “amitam
403 873 635 965 Scriboniam,
680 901 757 971 quae
792 875 972 971 quondam
1004 877 1155 976 Augusti

180 995 383 1094 “conjunx
415 993 553 1084 suerat,
568 992 788 1067 consobrinos
821 993 981 1084 Caesares,
1015 998 1155 1093 plenam

180 1125 208 1161 ‘⁴
227 1115 438 1214 imaginibus
460 1116 634 1188 domum''
660 1115 831 1216 osteritat3
863 1117 1087 1214 hortaturque
1109 1119 1154 1190 ad

180 1240 304 1310 luxum
328 1240 361 1307 ἃ
384 1263 429 1308 aes
452 1235 618 1323 alienum,
641 1232 752 1307 socius
774 1234 960 1308 libidinum
986 1241 1018 1309 &
1041 1235 1155 1310 neces·

181 1361 331 1444 suatum,
350 1356 421 1451 qud
440 1355 594 1452 pluribus
611 1354 747 1427 indiciis
765 1354 934 1453 inligaret.

201 1557 205 1564 ¹
231 1476 400 1548 XXVIII.
417 1476 479 1547 Ur
500 1500 609 1548 snrrs
626 1474 779 1564 testium,
799 1480 830 1547 dc
851 1476 912 1573 qui
929 1456 1014 1549 scivi
1027 1471 1153 1552 ‘eadem

182 1594 373 1684 noscerent,
399 1593 536 1691 reperit,
561 1594 697 1667 aditum
714 1596 760 1667 ad
777 1594 971 1692 principem
989 1596 1153 1692 postulat,

180 1699 417 1789 demonstrato
442 1713 588 1788 crimine
614 1719 647 1787 δι
673 1741 732 1788 reo
755 1740 816 1811 per
837 1716 1004 1788 Flaccum
1026 1715 1154 1789 Vescu-

181 1836 306 1909 larium
328 1834 482 1932 equitem
504 1834 723 1925 Romanum,
748 1834 804 1907 cui
826 1834 966 1931 propior
988 1863 1070 1909 curn
1091 1837 1155 1909 Ti-

182 1956 278 2029 berio
293 1955 372 2029 usus
388 1976 469 2029 erat.
519 1953 632 2027 Caesar
649 1954 817 2028 indicium
835 1957 927 2028 haud
944 1955 1154 2053 aspernatus,

181 2079 380 2176 congressus
404 2075 551 2150 abnuit:
581 2083 608 2117 “
628 2077 724 2171 posl'e
745 2075 853 2164 enim,
879 2077 1004 2149 eodem
1028 2080 1156 2153 Flacco

180 2205 207 2241 “
225 2196 450 2286 internunti0,
480 2195 654 2269 sermones
680 2198 912 2270 commeare.''
962 2203 1081 2296 Atque
1104 2200 1155 2272 in·

181 2319 280 2392 terim
313 2318 493 2392 Libonem
521 2336 622 2389 ornat
651 2320 815 2413 praeturd,
847 2317 1064 2392 convictibus
1094 2322 1155 2392 ad·

180 2440 288 2528 hibet,
315 2464 386 2510 non
403 2439 504 2529 vultu
522 2435 700 2526 alienatus,
726 2463 796 2510 non
814 2437 929 2511 verbis
946 2438 1156 2511 commotior

180 2558 289 2653 (adeo
307 2556 392 2628 iram
411 2555 632 2650 condiderat)
656 2559 854 2655 cundaque
875 2557 945 2657 ejus
970 2557 1061 2631 dida
1084 2556 1155 2631 sac-

181 2696 286 2772 taque
303 2676 385 2748 curn
399 2663 582 2771 prohibere
600 2679 724 2773 posset,
738 2675 819 2752 scire
837 2681 1011 2752 malebatt
1042 2681 1156 2752 donec
1244 2693 1247 2707 ¹

182 2794 306 2889 Junius
331 2794 488 2892 quidam,
515 2817 664 2869 tentatus
688 2817 727 2870 ut
749 2798 899 2872 infernas
922 2800 1060 2871 umbras
1082 2823 1156 2871 car-

182 2914 335 2987 minibus
350 2915 499 3005 eliceret,
520 2919 565 2990 ad
583 2917 783 2991 Fulcinium
801 2918 970 2991 Trionem
987 2917 1156 2991 indicium

181 3033 333 3105 detulit:
369 3036 503 3107 celebre
536 3036 624 3108 inter
654 3036 865 3111 accusatores
892 3037 1031 3111 Trionis
1059 3038 1155 3135 inge·

181 3154 281 3226 nium
304 3174 389 3243 erat,
413 3153 627 3253 avidumque
649 3155 751 3229 samae
776 3159 891 3260 malae,
938 3158 1063 3230 Statim
1079 3184 1155 3231 cor-
1247 3236 1252 3244 ,

181 3275 262 3371 ripit
297 3300 407 3364 reum,
428 3274 512 3347 adit
545 3276 714 3366 consules,
749 3275 883 3352 senatos
917 3275 1157 3375 cognitionem

181 3392 313 3491 poscit:
351 3400 383 3468 δι
410 3416 577 3469 vocantur
604 3418 729 3494 patres,
755 3399 887 3486 addit0,
915 3405 941 3441 ‘⁴
961 3396 1156 3472 consultan-

181 3523 209 3560 “
227 3517 316 3589 dum
333 3516 434 3614 super
453 3542 488 3590 re
506 3523 632 3617 inagna
650 3524 683 3592 dc
701 3520 842 3593 atroci.''
920 3607 927 3613 ι

204 3641 343 3713 ΧΧΙΧ.
371 3642 477 3711 Lrno
505 3638 641 3713 interim
673 3640 765 3713 veste
794 3642 939 3730 mutati,
974 3668 1056 3715 curn
1089 3642 1156 3739 pri-

181 3758 337 3833 moribus
354 3756 505 3847 seminis,
531 3758 711 3837 circumire
732 3761 871 3854 domos,
899 3787 992 3841 orare
1008 3764 1154 3854 adfines,
