2776 4724
1038 318 1127 405 xxix

148 518 304 619 protulit,
330 520 427 618 quod
443 521 570 596 Tacito
594 521 788 620 prodesset:
814 498 910 596 unde
930 545 1024 609 earn,
1052 525 1126 597 col·

149 643 315 740 legeram,
341 666 361 714 e
377 641 543 739 superiori
560 643 618 716 illa
634 662 745 716 totam
758 643 900 715 dottam
916 643 992 733 esse,
1016 667 1129 741 eaque

146 760 245 836 facile
261 788 376 836 carere
393 762 501 860 posse,
529 763 591 861 qui
608 763 705 836 illam
721 760 871 837 haberet.
912 764 980 837 Sed
994 783 1127 855 tamen,

116 885 324 996 'ccasrone
340 885 472 974 oblata,
488 883 567 994 'emi
597 886 802 981 exemplum
826 882 898 981 ejus
923 888 956 957 δι
981 882 1128 980 inspexi.

146 1005 268 1078 Habet
284 1024 402 1077 autem
420 1002 722 1102 praefatiunculam
737 1003 834 1078 Rivii
853 1006 1010 1095 brevem,
1040 1004 1129 1079 &in

147 1149 187 1197 ea
213 1124 408 1198 breviorem
438 1125 544 1198 etiam
571 1120 816 1222 proseffionem
844 1126 890 1198 de
915 1149 1021 1222 opera
1047 1150 1069 1198 a
1096 1123 1130 1199 se

146 1265 281 1317 navata.
317 1247 418 1343 Opus
436 1264 566 1333 totum,
586 1264 724 1341 recepta
736 1270 837 1318 novae
856 1243 1017 1319 editionis
1032 1271 1128 1339 cura,

147 1362 365 1462 septimum,
390 1364 452 1456 ait,
486 1363 697 1463 percurrisse,
732 1365 768 1437 in
793 1390 907 1464 eoque
933 1385 986 1438 tot
1008 1385 1130 1458 errata,

146 1503 202 1559 tot
218 1512 339 1560 naevos
356 1484 528 1582 reperisse,
557 1506 592 1558 ut
609 1485 693 1559 locis
709 1484 808 1583 supra
825 1485 921 1559 mille
933 1487 1129 1561 correxerit.
1179 1504 1180 1507 ’
1220 1538 1223 1542 »

147 1606 222 1704 Qri
253 1604 469 1703 professionis
507 1607 631 1680 modus
652 1609 694 1681 ,dr
724 1604 905 1679 consensus
944 1603 1014 1706 ejus
1047 1633 1131 1683 cum
1160 1612 1164 1622 '

149 1745 251 1800 textu
268 1725 465 1816 Puteolani,
483 1752 588 1825 quem
605 1727 642 1800 in
658 1726 751 1800 notis
768 1725 1014 1817 indicavimus,
1040 1729 1131 1802 clare

148 1845 293 1938 indicat,
318 1847 477 1922 editionis
493 1850 636 1921 Venetae
663 1847 822 1945 proxime
839 1846 1029 1946 superioris,
1058 1848 1081 1922 i.
1098 1874 1131 1924 e.

148 1992 179 2040 a.
203 1991 303 2066 1497.
328 1969 533 2067 exemplum
550 1970 595 2042 ab
612 1994 655 2042 eo
676 1967 723 2041 ita
741 1964 843 2066 prelis
866 1961 1130 2068 typographicis

146 2089 456 2162 accommodatum
478 2087 560 2177 esse,
587 2108 627 2162 ut
654 2089 939 2188 operarumpvitia
966 2093 1130 2164 tolleren-

146 2227 215 2300 tur,
242 2235 320 2308 quae
347 2228 510 2307 praeterea
539 2207 661 2284 vitiosa
688 2209 899 2302 viderentur,
928 2213 973 2285 de
994 2209 1131 2309 judicio

145 2328 205 2404 suo
223 2329 422 2429 corrigeret.
472 2331 514 2403 ln
532 2355 603 2428 quo
628 2356 735 2428 quam
758 2330 790 2403 ei
817 2330 991 2406 interdum
1016 2332 1131 2409 infeli-

147 2451 231 2524 citer
255 2476 308 2524 res
326 2449 534 2543 successerit,
563 2453 728 2551 exemplo
745 2451 811 2525 esse
829 2451 941 2550 potest
963 2454 1131 2531 co'rresiio

149 2590 269 2644 notata
284 2572 328 2645 ad
360 2577 407 2645 A.
425 2573 494 2661 XI,
523 2597 559 2664 4.
609 2573 773 2646 Ceterum
798 2577 831 2646 δι
856 2575 946 2649 hanc
969 2574 1133 2677 intelligit

149 2689 302 2789 Lipsrus,
327 2691 502 2765 interdum
533 2716 615 2766 cum
634 2694 806 2767 Venetam
823 2716 1076 2770 commemorat
1093 2696 1132 2769 in

147 2811 229 2884 edd.
260 2810 522 2910 posterioribus,
551 2833 590 2885 ut
619 2813 740 2913 colligi
769 2814 882 2912 potest
910 2840 930 2886 e
958 2834 1040 2888 nota
1071 2814 1130 2888 ed.

150 2930 281 3027 quintae
300 2932 343 3004 ad
362 2934 431 3023 Xl,
461 2936 516 3005 18.
541 2932 611 3006 vid.
635 2934 685 3008 ibi
702 2953 824 3007 notam
842 2932 989 3007 nostram
1006 2960 1042 3007 n.
1061 2957 1129 3010 10.¹

200 3051 309 3124 Hanc
330 3050 467 3147 excepit
491 3052 599 3126 editio
628 3055 776 3153 Philippi
793 3053 942 3127 Beroaldi
965 3055 1130 3152 Junioris,

149 3168 358 3245 nitidissimis
384 3169 508 3244 chartis
532 3172 700 3273 typisque,
729 3201 789 3274 per
817 3175 1032 3274 Magistrum
1055 3178 1130 3250 Ste-

149 3292 306 3390 phanum
324 3289 504 3365 Guillereti
521 3293 567 3366 de
579 3295 822 3395 Lotharingia,
840 3297 1015 3371 Tullensrs
1032 3297 1130 3373 dioe·
1169 3304 1174 3314 '

148 3409 277 3502 ceseos,
303 3415 430 3486 Romae
452 3438 554 3513 1515.
574 3416 653 3490 Kal.
677 3419 785 3490 Mart.
803 3417 934 3491 leonis
953 3419 1000 3491 X.
1027 3421 1130 3494 Pont.

147 3534 251 3607 Max.
280 3558 372 3606 anno
399 3532 564 3609 secundo.
624 3535 926 3611 Praefatiunculam
955 3539 1129 3631 Beroaldi,

147 3677 225 3750 quae
242 3653 288 3725 ad
299 3651 459 3727 editionis
473 3655 644 3730 rationem
657 3656 817 3754 pertinet,
838 3655 920 3754 quia
936 3659 1052 3757 brevis
1063 3661 1128 3755 est,
1182 3658 1188 3665 ’
1279 3635 1284 3644 .

148 3773 367 3850 liberantem
392 3772 463 3873 ipse
493 3773 690 3883 rarissimus,
718 3774 951 3876 subjecimus:
983 3781 1130 3879 Philipp.
