2512 4680
102 332 173 426 298
301 331 344 404 C.
377 290 914 404 Conu'nnrrTricrrt

102 506 291 582 Tiberium
309 510 541 583 flecterentur.
577 509 710 582 Verbm
728 511 772 583 ab
787 504 934 581 Servilio
955 510 995 582 δι
1010 507 1113 582 Cor·

95 627 197 703 nelio
223 629 493 721 accusatoribus,
530 629 783 713 “adulterium
806 627 934 719 Livia,
961 654 1110 728 mago·

108 755 137 797 “
157 775 238 823 rum
266 748 382 824 sacra’'
404 749 674 850 objedabantur.
717 751 894 839 ‘.Scaums,
930 751 1106 850 uredig-
1151 747 1154 752 “

106 891 195 967 num
238 871 414 947 veteribus
456 871 619 966 AEmiliis,
654 869 919 946 damnationem
953 871 1100 958 anteit,-

107 995 270 1085 hortante
284 991 414 1069 §exitia
430 1019 553 1083 uxore,
575 1017 652 1095 quae
668 989 933 1068 incitamentum
948 991 1096 1088 mortis,

109 1117 144 1186 δι
171 1112 343 1210 particeps
367 1111 446 1188 fuit.

157 1235 284 1308 XXX.
311 1239 370 1311 Ac
405 1260 548 1320 runnu
571 1231 792 1325 accusatores,
817 1237 841 1307 st
872 1231 1014 1309 facultas
1038 1233 1097 1309 in-

107 1353 255 1447 cideret,
281 1354 395 1454 poenis
423 1356 697 1430 adliciebantur:
724 1372 764 1429 ut
781 1354 944 1430 Servilius
959 1356 1096 1443 Corne-

109 1474 259 1575 liusque,
286 1476 422 1575 perdito
447 1480 572 1555 Scauro
594 1476 727 1564 famosi,
754 1475 840 1574 quia
864 1477 1052 1574 pecuniam
1075 1503 1098 1552 a

108 1596 217 1670 Vario
240 1597 389 1696 Ligure,
415 1598 616 1679 omittenda
638 1596 838 1688 delationis,
865 1618 1040 1696 ceperant,
1058 1599 1097 1673 in

110 1715 251 1808 insulas,
269 1718 455 1791 interdicto
480 1718 552 1816 igni
576 1738 679 1816 atque
700 1722 806 1816 aqud,
834 1719 966 1793 demoti
987 1717 1093 1793 sunt:

112 1843 146 1914 a
165 1839 329 1913 Abudius
342 1838 450 1928 Ruso,
473 1836 613 1911 fundus
637 1836 816 1929 aedilitate,
830 1839 921 1913 dum
938 1842 1098 1914 Lentulo

110 1961 300 2048 Gaetulico,
328 1958 390 2031 sub
411 1984 484 2054 quo
513 1957 641 2055 legioni
670 1956 871 2054 praefuerat,
901 1960 1098 2058 periculum

110 2078 248 2165 faceffit,
280 2084 308 2119 “
323 2074 416 2172 qubd
445 2076 472 2147 is
495 2073 606 2172 Sejani
634 2077 747 2156 filium
781 2104 956 2176 generum
991 2080 1097 2154 desti.

113 2206 141 2247 “
160 2196 303 2286 naffet,''
333 2195 424 2267 ultro
440 2194 639 2283 damnatur,
662 2213 770 2292 atque
792 2199 897 2271 Urbe
925 2199 1096 2298 exigitur.

26 2300 32 2320 ⁸
110 2318 304 2395 Gaetulicus
327 2317 368 2416 ed
387 2313 587 2412 tempestate
613 2312 792 2413 superioris
816 2318 1017 2413 Germaniae
1041 2320 1094 2392 le-

112 2442 236 2543 giones
283 2440 438 2527 curabat,
481 2435 681 2534 mirumque
718 2461 877 2511 amorem
916 2436 1097 2513 adsecutus

111 2581 198 2652 erat,
224 2559 336 2635 effusae
349 2558 557 2648 clementiae,
572 2556 732 2640 modicus
748 2555 943 2652 severitate,
963 2564 995 2634 δι
1014 2584 1094 2658 pro·
1203 2568 1208 2589 ¹

111 2680 211 2759 ximo
231 2705 375 2793 quoque
403 2677 582 2768 exercitui,
615 2704 679 2776 pet
704 2681 752 2752 L.
770 2681 976 2777 Apronium
999 2679 1093 2765 soce*

75 2790 80 2805 ,
110 2829 204 2894 rum,
229 2830 301 2877 non
329 2803 494 2901 ingratus.
556 2800 665 2874 Unde
693 2798 786 2874 fama
818 2801 997 2893 constans,
1030 2824 1093 2875 au*

107 2923 183 3007 sum
216 2923 353 2998 mittere
381 2923 426 2996 ad
450 2919 619 3001 Caesarem
643 2921 769 3027 literas,
803 2928 830 2965 “
858 2920 1093 3004 Adfinitatem

110 3050 137 3087 ‘⁴
158 3041 219 3115 fibi
237 3068 320 3117 cum
351 3041 472 3140 Sejano
496 3043 599 3117 haud'
614 3041 750 3140 sponte,
781 3042 840 3118 sed
862 3047 1004 3127 consilio
1028 3033 1102 3118 Tn'

109 3166 138 3210 “
158 3161 241 3234 berii
260 3183 436 3261 coeptam:
465 3161 607 3259 perinde
623 3161 671 3254 se,
690 3164 799 3263 quim
816 3165 1003 3241 Tiberium
1021 3163 1093 3247 falli

108 3288 136 3322 “
155 3281 321 3376 potuiffe:
375 3308 488 3378 neque
530 3307 682 3356 errorem
724 3286 892 3368 cumdem
934 3286 985 3367 illi
1026 3291 1093 3367 fine

108 3404 136 3439 “
154 3396 290 3491 fraude,
315 3400 389 3474 aliis
412 3401 520 3474 exitio
542 3404 758 3478 habendum.
809 3405 886 3480 Sibi
908 3410 1019 3482 fidem
1042 3407 1091 3480 in«

107 3522 136 3559 “
153 3532 303 3611 tegram,
334 3525 381 3610 &,
409 3525 431 3593 fi
458 3522 563 3595 nullis
588 3523 715 3598 insidiis
739 3546 933 3622 peteretur,
959 3526 1089 3604 mansu.

102 3641 135 3687 1‘
152 3657 250 3705 ram:
286 3638 510 3713 successorem
548 3669 622 3715 non
652 3645 763 3734 aliter,
787 3648 903 3743 quim
924 3649 1090 3726 indicium

105 3761 136 3807 ‘l
155 3750 289 3843 mortis,
303 3777 552 3850 accepturum:
572 3764 750 3849 firmarent
767 3766 865 3848 velut
883 3767 1095 3873 foedus,quo
