2760 4718
269 327 341 450 {34
400 404 402 410 s
485 336 1074 429 clcormmrrcm

271 555 341 635 que
358 528 419 627 ipfi
436 528 588 602 dedecus
606 529 799 602 nartavdre.
848 526 934 603 Non
950 531 1032 604 alias
1049 532 1164 633 magis
1190 554 1261 607 an·

268 650 376 725 xia&
397 674 526 747 pavens
542 649 678 740 civitas,
704 675 810 748 egens
836 652 1019 725 adversum
1038 654 1258 749 proximos3

267 770 481 870 congressus,
510 769 710 867 conloquia,
741 790 832 844 notae
850 771 1051 872 ignotaque
1066 799 1166 846 aures
1194 775 1258 848 vi·
1320 810 1322 821 ι

266 892 357 966 tari:
392 890 498 964 etiam
524 910 622 964 muta
648 911 751 989 atque
768 890 937 983 inanima,
967 896 1099 968 tedam
1122 899 1156 969 ὅτ
1182 921 1254 994 pa-

188 1071 191 1092 ,
265 1013 367 1087 rietes
391 1010 777 1109 circumspedabantur.

312 1133 433 1205 LXX.
471 1132 546 1204 San
576 1130 690 1205 Caesar
714 1131 894 1205 sollemnia
920 1132 1117 1232 incipientis
1150 1138 1256 1230 anni,·

262 1252 449 1366 Kalendis,
465 1252 648 1348 januariis,
686 1253 830 1350 epistol&
863 1274 1047 1351 precatus;
1080 1256 1182 1329 vertit
1212 1258 1250 1330 in

153 1382 158 1391 '
263 1373 449 1463 Sabinum,
495 1380 522 1415 “
543 1390 723 1469 corruptos
759 1373 930 1471 quosdam
948 1375 1180 1466 libertorum,
1212 1383 1248 1451 &

266 1503 295 1539 “
314 1492 465 1593 petitum
482 1492 540 1567 se’'
556 1519 718 1591 arguens,
730 1494 976 1595 uitionemque
992 1499 1086 1572 haud
1103 1496 1249 1571 'obscure

265 1613 448 1713 poscebat:
480 1639 544 1688 nec
570 1639 683 1705 mora,
707 1615 792 1714 quin
820 1618 1087 1691 decerneretur:
1115 1621 1148 1690 δι
1174 1639 1246 1691 tra-

264 1732 414 1810 hebatur
440 1735 638 1826 damnatus,
671 1737 858 1833 quantum,
896 1739 1049 1813 obducta
1075 1739 1181 1828 veste,
1209 1746 1247 1815 &
1290 1748 1292 1754 '

264 1855 430 1930 adstrictis
448 1854 628 1946 faucibuss
649 1856 712 1929 niti
739 1879 884 1955 poterat,
902 1875 904 1879 ’
919 1859 1113 1950 clamitans,
1145 1861 1247 1936 “Sic

267 1983 296 2019 “
314 1975 468 2050 inchoari
485 2002 632 2067 annum,
664 1982 726 2052 has
739 1977 861 2078 Sejano
887 1980 1043 2054 vifflmas
1068 1981 1191 2055 cadere
1208 1982 1247 2054 :’'

265 2095 338 2195 qud
354 2096 550 2170 intendisset
567 2100 705 2191 oculos,
735 2099 807 2199 qud
833 2101 938 2173 verba
953 2100 1161 2190 acciderent,
1187 2099 1246 2174 fu·

263 2244 322 2318 ga,
347 2216 508 2291 vastitas:
535 2218 640 2294 deseri
666 2221 799 2309 itinera,
824 2221 920 2292 fora:
952 2217 1154 2314 &quidam
1182 2244 1240 2294 re-

265 2339 524 2439 grediebantur,
546 2337 834 2440 ostentabantque
850 2337 882 2414 se
897 2336 1043 2429 rursum,
1068 2337 1105 2410 id
1127 2326 1247 2436 ipsum*
1309 2435 1316 2454 ι

265 2481 443 2558 paventes,
462 2461 557 2560 qudd
575 2461 774 2536 timuiffent.
827 2468 854 2505 “
872 2464 990 2560 Qtem
1019 2459 1113 2533 enim
1143 2459 1245 2535 diem
1264 2486 1268 2492 ’

265 2589 294 2625 “
313 2608 465 2656 vacuum
485 2586 603 2679 prend,
617 2583 678 2657 ubi
695 2584 785 2656 inter
802 2582 893 2656 sacra
907 2585 941 2654 ὅτ
960 2604 1055 2670 vota,
1067 2607 1139 2679 quo
1152 2600 1243 2656 tem-

265 2708 293 2745 “
312 2727 398 2800 pore
414 2702 527 2778 verbis
544 2704 647 2777 etiam
674 2701 824 2802 profanis
849 2703 1008 2778 abstineri
1038 2728 1115 2776 mos
1145 2707 1244 2796 effer,

264 2829 295 2866 “
312 2824 430 2898 vincla
447 2828 481 2897 δε
498 2826 642 2922 laqueus
657 2824 895 2898 inducantur?
929 2825 1016 2897 Non
1040 2822 1244 2920 impruden·

264 2951 293 2987 “
311 2963 384 3018 tem
409 2945 594 3019 Tiberium
611 2966 743 3019 tantam
760 2940 929 3019 invidiam
952 2943 1095 3019 adiiffe:
1122 2949 1245 3044 quaesr·

266 3071 294 3110 ‘⁴
313 3087 389 3171 tum
423 3065 712 3163 meditatamque,
728 3070 783 3140 ‘ne
811 3068 897 3166 quid
925 3069 1097 3168 impedire
1122 3068 1245 3142 creda-

264 3193 293 3231 “
311 3206 380 3277 tur,
399 3185 587 3285 quominus
603 3187 688 3260 novi
721 3187 954 3286 magistratus,
980 3191 1164 3287 quomodo
1181 3191 1245 3262 de-

264 3309 411 3382 “lubra
427 3312 461 3381 &
478 3307 611 3396 altaria,
642 3311 685 3382 sac
714 3334 886 3384 carcerem
914 3295 1134 3383 recludant.''
1182 3312 1244 3384 Se·

263 3445 354 3499 cutae
380 3427 519 3526 insuper
548 3428 671 3522 literae,
700 3451 811 3528 grates
838 3429 987 3529 agentis,
1016 3438 1044 3474 “
1061 3429 1157 3529 qudd
1179 3432 1247 3502 ho-

180 3636 182 3649 ἲ
263 3543 441 3619 “minem
474 3548 644 3624 infensum
668 3549 867 3648 reipublicae
886 3550 1097 3648 puniviffent
1112 3550 1150 3620 :'’
1176 3547 1242 3617 ad-

255 3662 365 3765 jecto,
389 3669 601 3763 “trepidam
619 3670 679 3745 fibi
696 3670 819 3762 vitam,
833 3670 1000 3769 suspeetas
1018 3667 1241 3742 inimicorum

265 3793 294 3831 “
311 3783 489 3877 infidias,”
515 3790 614 3865 nullo
638 3791 847 3866 nominatim
865 3791 1101 3889 compellato:
1123 3810 1243 3885 neque
