2776 4724
203 331 276 400 '18
423 322 1019 396 CConuurrrTAcrrr

139 569 144 579 .
231 501 432 588 discordare,
468 501 599 598 pessmri
631 499 793 599 cujusque
815 486 1032 573 ‘sermonibus
1062 504 1215 597 praebere

233 645 340 708 aures,
359 619 511 719 denique
528 622 652 694 luxum
666 621 823 694 &otium
841 647 978 725 cupere,
997 618 1213 720 disciplinam

233 747 265 814 δι
300 743 454 814 laborem
483 741 661 839 aspernari.
698 746 779 815 Erat
806 743 840 814 in
867 742 979 816 castris
1006 743 1214 819 Percennius

232 862 391 960 quidam,
426 865 501 936 dux
534 864 620 938 olim
652 864 870 938 theatralium
904 888 1100 961 operarum,
1134 863 1215 937 dein

234 984 407 1083 gregarius
424 985 537 1075 mileu
573 1012 700 1083 procax
718 986 849 1084 lingui,
882 990 915 1058 δι
933 983 1071 1059 miscere
1103 1004 1215 1066 coetus
1293 1073 1297 1087 .

232 1105 416 1178 histrionali
444 1105 557 1180 studio
585 1108 719 1180 donus.
746 1109 780 1195 Is¹
804 1105 981 1202 imperitos
998 1105 1144 1196 animos,
1180 1110 1214 1180 &
1302 1112 1306 1119 ’

232 1253 394 1325 quaenam
413 1227 487 1323 post
501 1227 700 1326 Augustum
718 1227 846 1302 militiae
863 1226 1017 1303 conditio
1033 1228 1215 1326 ambigen-

231 1368 295 1440 tes,
332 1348 507 1445 impellere
525 1348 704 1445 paullatim
732 1347 906 1421 noclurnis
932 1347 1140 1445 conloquiis,
1159 1367 1218 1422 aut

232 1471 327 1542 flexo
343 1469 379 1541 in
408 1467 584 1566 vesperam
601 1468 672 1560 die,
704 1474 738 1542 ἃ
756 1469 892 1566 dilapsis
909 1468 1122 1559 melioribus,
1156 1469 1218 1542 de·

231 1590 409 1664 terrimum
428 1616 604 1689 quemque
620 1616 844 1692 congregare.
861 1590 1052 1681 Postremo,
1077 1616 1217 1688 promp·
1280 1617 1284 1634 ·

232 1710 274 1783 tis
284 1708 360 1808 jam
379 1715 412 1783 &
442 1710 514 1782 aliis
531 1709 705 1804 seditionis
727 1710 899 1802 ministris,
918 1713 1014 1784 velut
1035 1712 1217 1786 conciona-

157 1848 159 1855 ’
232 1832 371 1904 bundus
392 1830 644 1930 interrogabat:

282 1953 403 2025 xvn
425 1960 452 1992 “
470 1953 554 2024 Curi
578 1978 727 2035 ,rnucrs
754 1955 1025 2043 centurionibus,
1049 1953 1218 2050 pauciori·
1272 1936 1292 1991 f

236 2075 347 2147 “bus
376 2072 534 2163 tribunis,
569 2073 606 2146 in
635 2077 781 2148 modum
806 2073 982 2148 servorum
1007 2071 1215 2146 obedirent?

236 2195 424 2292 “quando
446 2193 582 2268 ausuros
608 2195 789 2294 exposcere
813 2194 977 2285 remedia,
998 2193 1058 2267 nist
1082 2217 1218 2266 novum

236 2321 264 2356 “
284 2320 317 2388 &
335 2335 516 2389 nutantem
527 2318 642 2390 adhuc
653 2316 850 2416 Principem
863 2315 1033 2414 precibus,
1044 2315 1102 2388 vel
1113 2312 1218 2387 armis

215 2442 264 2519 ,“
282 2431 520 2510 adirent?satis
527 2457 644 2534 pertot
651 2464 759 2512 annos
769 2437 908 2538 ignavia
919 2457 1113 2535 peccatum,
1121 2433 1220 2533 qubd

236 2563 263 2599 “
282 2556 409 2630 tricena
419 2580 477 2632 aut
490 2561 712 2658 quadragena
720 2559 889 2658 stipendia
899 2557 1006 2649 senes,
1022 2555 1222 2655 &plerique
1325 2547 1331 2553 ¹

237 2685 440 2754 “truncato
473 2707 518 2753 ex
550 2679 748 2754 vulneribus
783 2705 939 2776 corpore,
973 2680 1140 2751 tolerent:
1176 2701 1222 2749 ne

237 2806 264 2840 “
282 2799 423 2873 dimissis
457 2801 600 2900 quidem
622 2802 740 2875 ¹finem
773 2802 840 2874 effe
871 2799 1016 2890 militias,
1050 2796 1107 2869 sed
1126 2797 1222 2893 apud

237 2927 264 2961 “
284 2922 453 3017 vexilltun
486 2943 647 3013 retentos,
681 2921 748 2994 alio
780 2920 969 3010 uocabulo,
998 2908 1144 3002 eosdem
1172 2918 1221 2988 la-

238 3046 265 3082 “
285 3043 383 3115 bores
402 3041 556 3139 perserre.
592 3050 647 3118 Ac
665 3047 687 3117 sr
706 3042 782 3142 quis
808 3064 859 3116 tot
876 3040 971 3117 casus
1001 3041 1073 3115 virs
1088 3037 1223 3137 supera·

238 3169 265 3203 “
284 3162 393 3249 verit3
419 3162 506 3235 trahi
523 3164 637 3236 adhuc
654 3163 802 3237 diversas
818 3164 853 3236 in
870 3184 987 3251 terras
1004 3160 1066 3235 ubi
1082 3184 1142 3257 per
1158 3183 1222 3230 no-

238 3290 265 3322 “
284 3296 382 3356 men¹
411 3309 589 3383 agrorum,
620 3284 768 3382 uligines
803 3284 986 3381 paludum,
1020 3282 1078 3353 vel
1112 3279 1222 3352 incul-

239 3407 318 3472 “ta
351 3404 524 3480 montium
554 3402 733 3502 accipiant.
769 3402 961 3477 Enimverd
985 3400 1145 3484 militiam
1169 3401 1221 3494 ip-

240 3519 356 3594 “sam
375 3550 533 3620 gravem,
565 3523 833 3600 infructuosam:
853 3523 949 3597 denis
976 3523 1013 3595 in
1046 3520 1139 3593 diem
1171 3516 1222 3589 as-

148 3743 149 3747 *
241 3650 269 3713 ‘.‘
288 3644 378 3715 srbus
395 3644 549 3720 animam
568 3653 601 3721 δι
614 3674 743 3745 corpus
772 3645 949 3721 aestimari:
971 3644 1050 3717 hinc
1075 3638 1222 3730 vestem,

178 3767 182 3772 ’
241 3772 269 3810 “
287 3790 396 3858 arma,
426 3767 595 3855 tentoria3
614 3768 695 3843 hinc
723 3765 887 3846 saevitiam
915 3762 1169 3852 centurionum,
1188 3763 1223 3838 δε
