2796 4724
263 351 334 402 210
480 323 1049 426 communem
1141 364 1142 367 ¹

262 499 324 598 qui
353 475 510 571 Africam
525 494 772 586 obtinuerant,
802 493 973 570 insontem
999 498 1241 594 protexiffent,

263 616 465 696 claritudine
492 612 631 689 infausti
661 615 811 713 generis,
843 621 877 692 δι
910 616 1060 717 paternis
1091 621 1242 697 adverso

261 740 347 817 foret
371 737 567 812 abstsaetus.

183 858 184 861 ’
308 860 407 932 XIV.
433 860 468 931 Is
497 881 661 945 <mooun
679 885 787 935 annus
814 860 1003 960 legationes
1036 863 1240 939 Graecarum

259 977 443 1055 civitatum
460 978 597 1070 habuit,
614 980 735 1055 Samiis
762 987 790 1024 “
804 981 994 1078 Junonis,'’
1015 979 1098 1056 Cois
1123 981 1240 1058 “AEs-
1302 1056 1309 1062 ,

262 1109 290 1144 “
307 1098 436 1196 culapii
457 1100 626 1190 delubro,
652 1102 827 1175 vetustum
843 1101 925 1199 asyli
943 1100 1003 1201 jus
1025 1122 1066 1176 ut
1089 1105 1240 1177 firmare·

261 1228 290 1306 f‘
307 1222 405 1310 tur,''
442 1220 651 1317 petentibus.
701 1223 808 1299 Samii
836 1224 978 1297 decreto
1006 1223 1243 1324 Amphidyo·

258 1369 346 1419 num
374 1341 586 1433 nitebantur,
612 1345 691 1441 quis
709 1344 929 1442 praecipuum
945 1343 1012 1420 fuit
1027 1361 1144 1420 retum
1166 1372 1244 1420 om·
1322 1353 1330 1365 ‘

260 1463 360 1538 nium
376 1461 568 1561 judicium,
595 1468 666 1562 qud
690 1467 892 1564 tempestate
927 1468 1057 1559 Graeci,
1094 1466 1245 1541 conditis

260 1610 321 1684 per
337 1586 457 1658 Afiam
474 1584 646 1675 urbibus,
662 1589 721 1660 ord
748 1588 851 1661 maris
882 1588 1117 1685 potiebantur.
1167 1589 1243 1662 Ne·

260 1731 330 1803 que
347 1703 473 1802 ,dispar
509 1706 604 1802 apud
634 1707 727 1780 Coos
756 1707 968 1807 antiquitas3
994 1715 1028 1784 &
1054 1711 1243 1784 accedebat

261 1825 426 1902 meritum
455 1853 500 1900 ex
529 1829 619 1900 loeo.
669 1830 768 1903 Nam
797 1829 893 1909 cives
911 1835 1094 1908 Romanos
1110 1830 1244 1927 templo

262 1946 457 2044 AEsculapii
488 1947 711 2040 induxerant,
739 1951 837 2040 etim,
856 1949 950 2049 juffu
979 1951 1070 2051 regis
1100 1949 1245 2026 Mithri·

261 2067 364 2160 datis,
389 2070 482 2165 apud
510 2071 650 2142 cunetas
666 2072 770 2164 *Afiae
799 2068 923 2144 in‘sulas
953 2075 988 2144 δι
1012 2074 1116 2144 urbes
1138 2069 1246 2144 truci·

263 2191 435 2271 darentur.
483 2187 596 2266 Variis
611 2188 739 2262 dehinc
768 2192 802 2261 δι
830 2187 952 2286 saepius
978 2188 1085 2261 inritis
1112 2208 1244 2285 praeto-

262 2339 341 2394 rum
369 2310 557 2411 questibus,
582 2307 754 2408 postremo
771 2307 884 2383 Caesar
907 2316 933 2352 “
948 2310 993 2382 de
1017 2307 1242 2384 immodestia

264 2443 294 2479 “
312 2434 544 2515 histrionum''
564 2431 692 2514 retulit,
743 2433 904 2506 “Multa
929 2430 974 2503 ab
999 2428 1040 2502 iis
1063 2428 1100 2504 in
1126 2428 1244 2527 publi-

251 2562 295 2629 ‚“
314 2581 398 2629 cum
414 2552 589 2645 seditiose,
617 2552 714 2627 foeda
732 2579 794 2651 per
810 2553 936 2627 domos
952 2549 1093 2625 tentari:
1117 2550 1250 2626 Oscum

234 2719 235 2722 π
264 2675 495 2774 “quondam
526 2674 716 2766 ludicrum,
750 2673 927 2749 leviffimae
966 2673 1062 2770 apud
1095 2674 1247 2771 vulgum

265 2805 294 2844 “
312 2793 569 2887 obleetationis,
600 2794 643 2869 eo
660 2793 875 2894 flagitiorum
899 2799 931 2868 &
957 2792 1087 2867 virium
1103 2795 1249 2886 veniffe,

268 2927 352 2993 “ut
373 2918 578 2994 audoritate
607 2935 746 3014 patrum
773 2915 1009 2997 coercendum
1031 2916 1108 2990 fit.”
1157 2917 1249 2996 Pulfi

266 3061 344 3116 tum
368 3038 550 3113 histriones
578 3038 687 3112 ltalia.
1029 3045 1032 3051 “

315 3162 397 3235 XV.
422 3160 526 3258 lot-:M
556 3185 667 3236 annus
695 3158 766 3233 alio
794 3184 939 3258 quoque
961 3161 1058 3233 ludu
1075 3155 1249 3233 Caesarem

266 3281 402 3372 adficit,
428 3282 577 3355 alterum
610 3305 656 3352 ex
684 3279 835 3378 geminis
859 3282 960 3355 Drusi
989 3279 1104 3355 liberis
1123 3278 1250 3353 exstin-

268 3404 437 3498 guendo:
471 3425 586 3499 neque
601 3399 717 3474 minits
735 3418 850 3473 morte
865 3399 981 3476 amici.
1031 3403 1065 3474 Is
1087 3399 1152 3474 fuit
1173 3401 1249 3471 Lu·

268 3519 366 3592 cilius
384 3523 548 3621 Longus,
579 3522 740 3598 omnium
770 3521 822 3596 illi
844 3521 991 3596 tristium
1020 3523 1251 3612 laetommque

121 3706 125 3720 .
168 3633 172 3677 ⁵
268 3638 394 3727 socius,
427 3642 586 3742 unusque
623 3668 643 3718 e
679 3641 891 3718 senatoribus
930 3641 1065 3718 Rhodii
1103 3634 1250 3714 secessfis

270 3783 397 3847 comes.
447 3761 511 3851 Ita,
531 3789 747 3869 quamquam
765 3790 859 3838 novo
876 3762 1028 3851 homini,
1051 3754 1249 3867 censorium
