2796 4724
325 353 633 477 ¹Annrnnrunr
667 349 777 422 Lrn.
802 346 896 436 111„
1041 351 1107 447 185
1199 333 1200 337 ¹

136 534 165 571 “
182 528 324 626 tegram¹
335 523 469 599 rursum
484 526 530 599 ad
546 514 702 600 senatum
720 522 919 598 referrent.''
944 524 1109 599 Consules

134 646 234 747 super
249 671 304 720 eas
322 646 489 738 civitates,
516 673 601 745 quas
629 644 837 741 memoravi,
868 648 896 686 “
914 646 1010 742 apud
1026 646 1109 718 Per-

135 776 163 812 “
182 794 327 867 garnum
357 766 548 864 AEsculapii
583 787 807 865 compertum
833 748 991 862 ‘asylum'’
1019 786 1109 838 retu-

132 891 269 962 lerunt:
300 896 328 930 “
345 909 475 961 ceteros
509 885 661 961 obscuris
693 888 742 960 ob
774 885 978 960 vetustatem
1006 884 1111 959 initiis

134 1017 161 1053 “
180 1009 267 1083 niti:
293 1036 374 1085 nam
392 1012 588 1104 Smyrnaeos
616 1008 798 1080 oraculum
827 1004 1018 1104 Apollinis,
1049 1033 1110 1081 cu·

136 1127 236 1228 “jus
253 1129 399 1227 imperio
415 1128 636 1204 Stratonicidi
664 1128 791 1202 Veneri
819 1129 992 1225 templum
1015 1127 1110 1202 dica·
1165 1128 1167 1134 ’

86 1259 88 1263 ’
136 1259 165 1295 “
184 1252 319 1326 verint:
356 1250 488 1324 Tenios
520 1247 671 1349 ejusdem
697 1275 836 1323 carmen
864 1246 1004 1339 referre,
1036 1275 1111 1348 quo

137 1378 166 1414 “
184 1371 312 1446 sacrare
325 1370 488 1468 Neptuni
506 1370 671 1470 effigiem,
701 1371 885 1466 aedemque
912 1367 992 1466 julsr
1021 1373 1083 1443 fint
1097 1398 1113 1443 τ’

137 1492 347 1590 “propiora
373 1491 576 1577 sardianos;
603 1489 794 1565 Alexandri
818 1489 954 1562 'vilioris
982 1488 1019 1561 id
1045 1489 1111 1562 do·

4 1602 6 1605 ⁸
93 1678 94 1681 ,
137 1619 166 1656 “
184 1639 293 1686 num:
328 1638 445 1710 neque
474 1611 588 1686 minirs
613 1611 769 1686 Milesios
797 1609 906 1684 Dario
923 1634 1004 1709 rege
1022 1609 1108 1695 niti:

136 1740 165 1776 “
182 1731 240 1810 sed
256 1734 370 1807 cultus
386 1733 573 1807 numinum
602 1731 767 1830 utrisque,
795 1730 946 1805 Dianam
973 1751 1035 1803 auu
1059 1736 1111 1805 A·
1192 1774 1221 1802 ·.

137 1860 165 1897 “
185 1853 353 1951 pollinem
376 1852 576 1927 venerandi.
625 1855 746 1927 Petere
764 1857 797 1926 δι
814 1851 990 1925 Cretenses
1007 1855 1111 1926 sunu-

136 1982 165 2049 ‘.‘
185 1977 276 2049 lacro
292 1974 365 2049 divi
383 1974 573 2073 Augusti.’'
622 1974 796 2071 Fallaque
812 1971 1110 2065 senatusconsulta,

135 2098 215 2193 quis
233 2098 344 2170 multo
362 2122 445 2169 curn
463 2097 607 2185 honore,
627 2094 754 2168 modus
781 2114 898 2168 tamen
917 2094 1111 2192 praescribe-

134 2217 259 2304 batur3
281 2215 431 2314 juffique
459 2215 577 2314 “ipsis
602 2216 638 2288 in
667 2215 806 2313 templis
830 2218 938 2313 figere
968 2242 1037 2290 aera
1061 2215 1112 2291 sa·

96 2388 98 2395 -
134 2344 163 2380 “
181 2339 346 2412 crandam
376 2338 422 2411 ad
451 2336 670 2425 memoriam,
701 2361 770 2412 neu
802 2335 912 2433 specie
940 2335 1113 2434 religionis

133 2464 160 2502 “
180 2457 216 2530 in
240 2448 469 2532 ambitionem
492 2457 772 2549 delaberentur.''

39 2670 44 2681 .,
182 2580 318 2650 LXIV.
351 2580 427 2650 Sua
446 2576 540 2651 idem
559 2591 699 2676 tempus
716 2576 818 2673 Juliae
848 2575 1017 2676 Augusta
1049 2602 1111 2651 va·

134 2696 254 2770 letudo
270 2716 385 2787 atrox,
404 2698 688 2775 neceffitudinem
710 2697 861 2796 Principi
877 2697 959 2771 fecit
975 2693 1111 2773 festina-

134 2816 163 2890 ti
177 2816 216 2889 -in
231 2816 372 2891 Urbem
390 2818 543 2892 reditus:
569 2821 694 2892 sincera
710 2820 825 2893 adhuc
848 2818 938 2892 inter
963 2837 1113 2895 matrem
1169 2808 1172 2814 “

135 2936 322 3035 filiumque
339 2939 544 3025 concordirl3
576 2944 645 3014 five
668 2939 815 3015 occultis
847 2939 946 3014 odiis.
984 2941 1114 3039 Neque

132 3057 227 3133 enim
245 3059 357 3131 multi>
374 3059 466 3148 ante,
486 3060 568 3133 cirm
584 3061 679 3136 haud
698 3062 821 3158 procul
851 3063 984 3136 theatro
1013 3064 1112 3137 Mar-

131 3170 679 3285 celli,effigienirlivoArrg11sto
703 3181 799 3277 julia
826 3180 970 3274 dicaret,
1001 3184 1111 3258 Tibe-

132 3301 173 3376 rii
201 3325 331 3374 nomen
347 3299 407 3373 suo
422 3296 701 3399 'postscriplerat3
732 3301 839 3401 idque
860 3303 920 3375 ille
944 3305 1112 3380 credeba-

132 3442 204 3513 tur,
230 3441 269 3495 ut
298 3418 437 3495 inferius
454 3418 630 3518 majestate
646 3421 831 3521 Principis,
851 3423 950 3520 gravi
969 3427 1001 3498 δι
1018 3425 1111 3500 diffi-

134 3544 265 3616 mulatal
279 3542 467 3616 offenfione
484 3542 663 3618 abdidiffe.
703 3543 770 3616 Sed
800 3562 875 3615 tum
905 3541 1114 3644 “supplicia

134 3670 162 3705 “
179 3663 261 3755 diis,
290 3662 437 3761 ludique
467 3661 611 3762 magni”
635 3664 681 3737 ab
714 3664 831 3739 senatu
864 3661 1111 3759 decernuntur,

132 3791 160 3832 “
178 3811 265 3885 quos
294 3783 491 3885 pontifices,
520 3786 553 3857 ac
584 3808 744 3882 augures,
771 3791 804 3864 δι
831 3786 1112 3887 quindecimviri,
