2796 4724
356 353 703 441 ¹Arminium
729 347 842 422 Lrn.
867 347 931 450 III.
1084 376 1150 453 ¹77
1216 373 1219 377 ·

174 525 365 623 “implere
392 524 524 601 velim:
556 525 644 600 mihi
672 546 789 602 autem
817 549 932 625 neque
964 526 1150 603 honestum

173 655 201 690 “
219 649 324 737 silere,
359 671 475 745 neque
508 647 670 746 proloqui
703 647 926 744 expeditum,
961 646 1044 745 quia
1078 674 1150 722 non

173 774 202 810 “
221 765 353 857 aedilis,·
376 771 440 840 aut'
453 769 622 865 praetoris,
656 789 715 842 aut
744 766 892 855 consulis
918 788 1031 864 partes
1052 765 1150 841 susti-

168 893 197 936 ¹‘
214 912 305 960 neo:
330 887 441 986 majus
458 864 591 987 aliquid
610 894 642 962 δι
663 869 835 962 excelsius
851 913 871 960 a
895 886 1056 985 Principe
1074 888 1149 985 pos-

137 1014 198 1070 «“
218 1010 369 1096 tulatur3
399 1009 437 1080 δι
467 1011 552 1082 cirm
580 1009 673 1083 rec'te
704 1007 874 1084 fastorum
910 1008 971 1082 sibi
1006 1007 1150 1107 quisque

172 1137 200 1172 “
219 1129 369 1227 gratiam
387 1130 540 1219 trahant,
555 1129 658 1203 unius
674 1129 805 1203 invidie
823 1132 868 1203 ab
884 1129 1048 1204 omnibus
1067 1156 1148 1227 pec-

51 1300 58 1318 «ι
167 1256 199 1292 “
218 1269 326 1323 catur.
377 1247 478 1347 Qid
496 1250 591 1325 enirn
610 1250 766 1348 primum
786 1251 982 1348 prohibere,
1015 1250 1149 1347 &pris-

172 1377 200 1414 “
220 1395 303 1443 cum
332 1371 377 1442 ad
408 1396 543 1444 morem
569 1371 722 1445 recidere
752 1371 959 1470 aggrediar?
988 1372 1150 1447 villarum

172 1497 202 1595 ‘f
220 1515 265 1564 ne
281 1489 416 1565 infinita
431 1490 781 1590 spatia‚*familiarum
799 1482 988 1566 numerum
1024 1497 1057 1564 δε
1081 1518 1149 1565 na-

175 1619 204 1656 “
222 1612 362 1686 tiones?
392 1612 528 1711 argenti
558 1614 681 1687 &auri
699 1615 864 1711 pondus?
895 1612 985 1703 aeris,
1014 1615 1147 1686 tabula-

173 1739 202 1840 (ἢ
222 1759 373 1832 rumque
391 1734 579 1808 miracula?
613 1733 825 1832 promiscuas
841 1732 925 1807 viris
953 1737 987 1807 δι
1010 1732 1149 1809 feminis

172 1863 200 1899 “
219 1856 359 1929 vestes?
399 1844 517 1954 atque’
534 1855 594 1928 illa
622 1853 830 1930 feminarum
864 1854 1017 1956 propria,
1054 1857 1148 1954 quis,

173 1977 378 2075 “lapidum
407 1979 521 2069 causi,
552 1975 709 2075 pecuniae
738 1975 860 2051 nostrae
897 1977 942 2050 ad
975 1996 1147 2067 externas,
1257 1996 1262 2012 ‘

171 2105 201 2142 “
219 2104 279 2171 aut
307 2098 444 2173 hostiles
472 2117 593 2198 gentes
621 2095 869 2172 transferuntur
884 2098 930 2171 ?'’

215 2221 313 2295 LIV.
340 2226 368 2263 “
386 2221 424 2292 N
429 2244 478 2309 no
495 2219 620 2318 ignoro
639 2219 675 2293 in
692 2218 862 2294 conviviis
879 2224 913 2292 δι
932 2220 1069 2295 circulis
1095 2221 1148 2294 in-

169 2348 198 2384 “
218 2339 327 2415 cusari
344 2341 420 2433 ista,
441 2348 474 2416 δι
494 2342 643 2416 modurn
662 2340 781 2439 posci:
809 2337 908 2414 sedfsr
927 2340 1003 2438 quis
1031 2342 1149 2438 legem

168 2468 198 2505 “
216 2461 358 2551 sanciat,
400 2488 522 2558 poenas
556 2462 711 2535 indicat:
741 2462 851 2535 iidem
885 2450 935 2534 illi
968 2461 1148 2535 civitatem

169 2589 199 2625 “
218 2582 321 2672 verti,
338 2579 608 2679 splendidisfimo
625 2583 753 2683 cuique
770 2583 919 2659 exitium
937 2582 1060 2682 parari,
1088 2607 1148 2655 ne-

169 2708 198 2745 “
218 2702 350 2776 minem
366 2702 521 2777 criminis
537 2725 718 2802 expertem
736 2704 977 2779 clamitabunt.
1020 2702 1146 2801 Atqui,

169 2827 199 2864 “
217 2846 262 2894 ne
290 2823 447 2922 corporis
477 2825 623 2924 quidem
665 2828 807 2900 morbos
843 2844 990 2914 veteres,
1021 2826 1055 2895 &
1083 2823 1147 2898 diu

168 2948 197 2985 “
214 2945 346 3034 eustos,
361 2949 421 3017 nisi
440 2970 501 3042 per
516 2946 604 3020 dura
618 2951 651 3020 ὅτ
664 2945 784 3044 αἴρετε
794 2950 951 3019 coerceas
962 2972 982 3025 ε,
1003 2970 1145 3044 corrup·

169 3070 198 3107 “
215 3058 268 3137 ms
287 3066 385 3138 simui
404 3072 436 3140 &
454 3087 647 3166 corruptor,
666 3094 760 3166 aeger
777 3070 810 3139 ἃ
829 3069 980 3166 flagrans
997 3066 1146 3157 animus,

169 3192 197 3229 “
217 3186 311 3298 houd
350 3187 538 3261 levioribus
584 3189 746 3262 remediis
783 3188 1049 3287 restinguendus
1081 3186 1145 3276 est,

169 3432 198 3470 “
216 3448 359 3525 repertae
389 3430 497 3528 leges,
523 3447 576 3502 tot
605 3457 691 3528 quas
718 3429 820 3505 divus
848 3427 1028 3525 Augustus
1050 3428 1145 3522 tulit,

47 3602 53 3615 .
167 3555 197 3594 “
216 3548 286 3622 illae
301 3547 492 3640 oblivione,
518 3552 572 3623 hae
599 3551 715 3649 (quod
733 3548 934 3649 flagitiosius
958 3547 1027 3643 est)
1060 3577 1145 3624 con·

168 3675 197 3714 “
215 3692 351 3772 temptu
370 3671 523 3761 abolitae,
536 3669 741 3744 securiorem
760 3673 885 3745 luxum
897 3669 1035 3744 fecere:
1062 3680 1146 3743 nam

168 3797 239 3867 “fi
266 3794 353 3869 velis
386 3794 484 3893 quod
522 3792 681 3867 nondum
719 3791 867 3867 vetitum
897 3789 969 3878 est;
1007 3790 1144 3880 timeas,
