2738 4710
225 251 274 324 xii

137 402 142 408 ⁵
222 447 243 496 e
267 421 433 496 Mediceo
460 421 590 510 sumfit‚
621 420 727 520 usque
744 421 789 496 ad
805 421 981 520 Lipfium,
1016 444 1134 516 aquo
1161 422 1199 504 C.

222 565 421 639 prenomen
451 539 674 616 substitutum
707 542 770 631 est,
812 545 954 616 auslote
991 543 1201 618 ,Farnesrano

221 661 325 751 libro,
352 660 553 734 &Sidonio
580 661 788 759 Apollinari.
838 662 939 767 ldem
962 659 1066 734 etiam
1089 661 1200 756 reperi

220 780 257 854 in
286 781 516 878 antiquiffima
532 781 684 855 editione
701 782 778 855 libri
795 785 840 884 de
856 779 1043 855 Germania
1058 821 1202 834 —--

221 931 488 988 ----;
516 904 610 977 unde
641 902 719 977 sane
749 902 958 977 firmamenti
987 899 1120 997 aliquid
1142 927 1200 973 ac·

220 1023 315 1097 cedit
332 1023 504 1121 Lipsianae
517 1023 650 1097 rationi.
701 1025 742 1096 In
761 1023 816 1096 ed.
832 1023 1009 1119 Spirensis,
1034 1020 1069 1092 in
1086 1020 1200 1117 capite

221 1143 432 1232 Germaniae,
461 1148 494 1216 δι
513 1144 706 1233 Puteolani,
730 1148 808 1218 MS.
821 1140 938 1216 Guelf.
958 1142 1093 1215 nullum
1111 1167 1200 1238 prae-

221 1288 350 1336 nomen
369 1264 567 1360 expressum
584 1264 645 1337 est.
698 1263 816 1339 Etiam
833 1265 997 1338 librorum
1022 1288 1093 1335 non
1117 1288 1202 1335 eun-

221 1385 305 1456 dem
323 1408 506 1456 numerum
524 1385 674 1458 Codices
691 1367 831 1458 faciunt.
882 1382 1017 1484 Viginti
1041 1382 1111 1472 alii,
1143 1381 1202 1455 alii

221 1512 332 1578 unum
351 1510 384 1578 δι
401 1503 541 1603 viginti.
593 1504 673 1578 Vidi
693 1505 798 1579 etiam
824 1504 992 1578 Codicem
1011 1502 1203 1577 'memorari

221 1623 520 1716 Montefalconio,
552 1625 612 1722 qui
630 1625 852 1729 undeviginti
881 1645 1016 1699 tantum
1044 1649 1204 1698 numera-

119 1756 122 1762 '
221 1763 283 1817 ret.
334 1745 460 1816 Caussa
476 1744 677 1817 diversitatis
705 1744 766 1833 est,
797 1744 892 1842 quod
916 1745 1076 1817 nonnulli
1099 1745 1204 1819 libro·

222 1888 315 1951 rum,
342 1863 402 1959 qui
420 1888 514 1936 nunc
532 1862 768 1936 Historiarum
786 1885 968 1951 vocantur,
999 1864 1150 1959 primum
1169 1869 1203 1937 δι

221 1981 412 2056 secundum
437 1980 672 2080 conjungunt,
702 2004 740 2056 ut
761 1981 1079 2078 Guelferbytanus:
1106 1985 1204 2080 quod

202 2102 356 2177 'servant
375 2108 408 2175 δι
438 2103 519 2175 edd.
539 2093 662 2177 Franc.
693 2104 889 2190 Puteolani,
919 2102 1090 2192 Beroaldi,
1114 2105 1201 2176 Fro-

222 2223 316 2299 benii
350 2248 383 2295 a.
419 2245 522 2320 1519.
556 2223 605 2296 ita
636 2242 777 2317 tamen,
809 2244 847 2296 ut
875 2225 999 2296 lacuna
1030 2227 1069 2296 sit
1098 2248 1205 2320 parva

222 2343 320 2417 initio
337 2343 415 2416 libri
441 2342 596 2434 secundi,
627 2344 712 2417 &in
736 2347 805 2417 fine
828 2342 1079 2440 subscriptum:
1095 2345 1204 2441 septi-

222 2466 422 2536 musdecimus
438 2466 477 2537 &
493 2465 754 2536 ollavusdecimus
782 2465 892 2557 confust
904 2465 1001 2555 strnul
1015 2467 1205 2560 expliciunt:

220 2584 258 2663 &
275 2583 418 2682 sequens
434 2585 520 2659 liber
536 2585 705 2659 Xleus
727 2584 875 2657 dicatur.
928 2591 984 2658 Ac
1006 2583 1143 2659 sortasse
1166 2587 1203 2659 in

221 2706 262 2780 iis
279 2705 384 2794 libris,
414 2705 474 2804 qui
491 2707 580 2780 XIX
600 2725 735 2778 tantum
759 2704 939 2794 exhibent,
966 2703 1203 2804 fragmentum

222 2826 301 2900 libri
327 2826 423 2899 Hist.
452 2826 564 2925 quinti
590 2828 731 2900 adhaefit
761 2848 898 2924 quarto,
933 2846 991 2900 aut
1016 2826 1103 2901 alius
1131 2826 1202 2901 alii.

221 2947 314 3021 Illud
332 2968 449 3020 autem
477 2948 558 3020 hinc
588 2950 691 3045 plane
716 2946 937 3046 intelligitur,
967 2945 1003 3019 in
1028 2946 1203 3045 antiquio·

222 3067 317 3139 ribus
334 3064 430 3137 libris
447 3069 581 3139 nullam
599 3068 868 3166 inscriptionem,
894 3071 1010 3142 nullos
1036 3072 1200 3139 numeros

222 3185 392 3257 librorum
410 3181 521 3273 fuisse,
541 3205 580 3257 ut
598 3184 632 3257 in
646 3187 796 3261 editione
813 3190 870 3283 Jo.
889 3187 1061 3285 Spirensrs.
1100 3184 1205 3258 Forte

220 3303 326 3377 etiam
345 3302 525 3400 probabile
549 3302 706 3378 videatur
722 3308 911 3397 nonnullis,
940 3302 1135 3378 discrimina
1160 3304 1201 3376 li-

221 3428 362 3521 brorum
392 3448 461 3496 non
494 3424 560 3496 else
588 3450 609 3497 a
639 3425 777 3517 Tacito,
809 3454 887 3525 quae
923 3449 987 3495 nec
1020 3423 1203 3528 necessaria
1254 3519 1255 3523 Ἰ

142 3631 145 3640 Δ
220 3561 329 3630 erant,
356 3568 437 3615 cum
468 3568 530 3639 per
546 3533 654 3618 annos
671 3547 806 3620 historia
823 3545 952 3643 digesta
974 3544 1068 3629 esset,
1091 3567 1202 3641 eaque

104 3689 109 3699 ·
147 3710 149 3719 2
220 3664 307 3741 adeo
332 3662 575 3736 Grammaticis
600 3666 657 3738 vel
670 3666 813 3741 librariis
838 3662 970 3754 deberi,
1000 3682 1038 3736 ut
1063 3661 1100 3736 in
1125 3662 1201 3741 aliis
