2512 4680
405 359 712 429 Aruanronr
743 354 858 427 Lr'a.
894 355 956 431 Vl.
1105 368 1208 460 279¹·

196 525 321 624 quibus
348 525 384 598 in
411 527 558 600 modum
578 524 797 616 defensionis,
829 527 976 629 repetito
993 535 1021 571 “
1039 528 1127 603 inter
1143 527 1177 604 se

100 730 102 740 Ι
195 655 222 692 “
240 668 342 745 atque
363 648 518 720 *Cottam
553 645 722 720 amicitiae
754 646 941 745 principio,
980 650 1176 749 crebrisque

195 768 306 867 “ejus
322 765 470 840 officiis”
494 766 792 856 commemoratis,
829 774 855 809 “
875 792 920 839 ne
936 770 1043 843 verba
1070 771 1176 866 prave

193 894 221 932 “
239 890 387 976 detorta,
413 912 482 960 neu
498 886 739 960 convivalium
760 885 960 961 fabularum
978 888 1176 986 simplicitas

133 1043 141 1047 ·
193 1016 220 1051 “
237 1008 273 1082 in
290 1008 665 1097 crimen'duceretur,''
693 1007 892 1104 postulavit.

239 1130 301 1201 VI.
327 1130 490 1212 Introire
507 1126 687 1202 visumest
704 1139 824 1217 earum
838 1127 983 1202 Caesaris
999 1128 1175 1202 literarum

194 1248 357 1334 initium;
385 1275 466 1322 nant
498 1248 558 1322 his'
582 1246 696 1322 verbis
729 1245 868 1322 exorsus
897 1248 956 1322 est.
1024 1258 1052 1292 “
1076 1249 1175 1347 Qid

195 1368 389 1442 “scribam
405 1369 518 1460 vobis,
544 1390 662 1466 patres
685 1367 880 1467 conscripti,
906 1390 966 1444 aut
995 1371 1177 1468 quomodo

195 1497 226 1532 “
244 1489 405 1580 scribam,
446 1509 505 1581 aut
532 1489 618 1588 quid
652 1488 796 1564 omnino
824 1515 896 1563 non
924 1487 1072 1564 scribam
1106 1492 1176 1565 hoc

193 1617 223 1676 '“.
241 1597 413 1708 ternpore,
439 1610 488 1684 dii
512 1634 570 1684 me
593 1611 737 1708 deaque
755 1607 863 1707 pejus·
879 1613 1039 1708 perdant,
1068 1612 1175 1710 quim

111 1734 117 1744 “
195 1737 223 1773 “
242 1731 352 1829 perire
368 1756 426 1805 me
443 1731 602 1830 quotidie
616 1729 740 1820 sentio,
766 1729 911 1805 fiscio.''
961 1733 1066 1808 Adeo
1090 1732 1174 1808 faci-

195 1876 282 1924 nora
298 1872 404 1951 atque
428 1851 561 1950 flagitia
578 1850 637 1925 sua
659 1850 720 1949 ipsi
742 1876 884 1949 quoque
901 1852 946 1926 'in
962 1852 1173 1951 supplicium

194 1993 377 2048 verterant.
452 1976 582 2072 Neque
612 1969 737 2051 frustra
769 1973 1056 2070 prestantiffimus
1087 1974 1175 2073 sapi-

190 2093 292 2167 entiae
310 2097 449 2170 firmare
465 2093 580 2168 solitus
597 2093 659 2183 est,
674 2095 697 2167 sr
714 2078 934 2169 recludantur
948 2116 1176 2194 tyrannorum

190 2234 336 2306 mentes,
366 2217 462 2314 posse
489 2214 596 2312 aspici
621 2213 822 2289 laniatus&
846 2215 949 2305 retus,
978 2196 1120 2314 quando
1136 2235 1176 2290 ut

187 2361 332 2434 corpora
363 2336 580 2425 verberibus,
616 2334 665 2410 ita
697 2333 840 2424 saevitia,
884 2334 1041 2425 libidine,
1075 2337 1178 2411 malis

189 2453 365 2544 consultis,
390 2455 527 2529 animus
554 2452 771 2530 dilaceretur.
819 2453 966 2553 Qrippe
992 2455 1192 2530 Tiberium.

143 2628 146 2639 „
191 2600 264 2647 non
301 2571 453 2666 fortuna,
483 2601 557 2650 non
584 2574 782 2650 solitudines
816 2577 1060 2674 protegebant,
1089 2575 1178 2673 quin

191 2713 364 2767 tormenta
380 2695 530 2794 pedtoris
545 2693 687 2796 suasque
702 2697 773 2796 ipse
789 2723 911 2796 poenas
927 2692 1102 2771 fateretur.

238 2818 316 2889 Vll.
353 2818 468 2905 Tunc
488 2815 577 2890 fadi
610 2818 767 2915 patribus
801 2817 969 2916 potestate
1005 2815 1175 2892 statuendi

189 2937 281 3010 “de
308 2936 495 3010 Caeciliano
526 2936 693 3029 senatore,
719 2938 789 3037 ‘qui
815 2937 964 3037 plurima
991 2938 1178 3011 adversum

191 3063 220 3101 “
237 3058 379 3130 Cottam
396 3054 649 3155 prompserat,''
666 3059 846 3157 placitum,
870 3060 1076 3134 “eamdem
1099 3084 1176 3156 poe·

191 3182 220 3221 “
238 3203 320 3252 narn
334 3177 499 3278 inrogari,
517 3204 624 3276 quam
640 3179 676 3253 in
688 3179 871 3255 Aruseium
885 3185 919 3255 ἂ
935 3177 1178 3278 Sanquinium,
1208 3229 1210 3233 -

194 3305 223 3343 “
242 3296 449 3380 accusatores
468 3300 515 3372 1„
533 3300 688 3374 Arnrntii
702 3303 739 3374 z'’
761 3327 835 3400 quo
861 3310 934 3374 non
952 3299 1047 3372 aliud
1063 3300 1176 3372 hono·

190 3418 379 3496 rificentius
400 3423 516 3495 Cottae
534 3420 669 3507 evenit3
697 3422 759 3520 qui
776 3420 902 3494 nobilis
931 3418 1088 3517 quidem,
1118 3418 1177 3495 sed

189 3566 300 3640 egens
329 3543 378 3620 ob
406 3542 548 3630 luxum,
589 3564 650 3634 per
675 3541 806 3640 flagitia
837 3537 988 3628 infamis,
1019 3537 1178 3613 sanetisi-

190 3661 258 3735 mis
276 3660 433 3736 Arruntii
455 3657 587 3732 artibus
603 3657 772 3757 dignitate
796 3657 936 3734 ultionis
962 3661 1177 3756 aequabatur.

192 3782 349 3880 Qrintus
379 3783 539 3857 Servaeus
566 3777 719 3877 posthac,
749 3786 783 3857 ἃ
808 3776 982 3856 Minutius
1005 3781 1182 3853 Thermus

661 3900 697 3972 T
724 3926 749 3992 4
