2738 4710
269 615 334 676 DE
371 606 710 675 CODICIBUS
751 603 1010 670 SCRIPTIS

218 854 274 940 C.⁵
378 848 1055 931 CORNELII
1169 853 1180 872 ‘

356 1093 930 1183 TACITI.

148 1409 484 1572 Anneianum
510 1481 627 1557 Taciti
655 1480 805 1556 Codices
830 1475 1040 1591 scriptissunt
1064 1479 1132 1554 Flo-

151 1609 266 1676 rentim'
290 1607 371 1687 άιιο;
399 1629 554 1701 quorum
571 1606 654 1678 alter
671 1604 803 1677 Libros
826 1603 884 1676 sex
904 1601 1032 1699 priores
1060 1607 1131 1698 (ur,

155 1726 295 1797 auclore
310 1722 446 1820 Lipfio,
473 1750 696 1798 numeramus
714 1724 842 1822 hodic3
869 1723 954 1797 olim
980 1703 1135 1821 iluinque

155 1846 442 1938 numerabantur)
470 1846 666 1919 Annalium
683 1845 854 1935 continet,
883 1846 969 1917 alter
984 1844 1133 1942 reliquos

153 1969 188 2037 u
206 1965 396 2038 Annalitmr
415 1969 450 2039 dr
473 1965 724 2054 Historiarum,
754 1987 794 2039 ut
822 1965 927 2039 hodie
951 1986 1133 2039 vocantur.

149 2086 213 2158 llle
229 2111 318 2158 uuus
346 2086 409 2175 est,
437 2111 502 2160 nec
527 2086 638 2160 alium
666 2084 829 2184 scriptum
857 2086 999 2160 illorum
1028 2086 1134 2160 libro·

149 2232 228 2279 rum
245 2206 417 2280 Codicem
437 2209 620 2282 habemus.
671 2209 766 2281 Nam
791 2208 877 2283 liber
892 2207 1045 2304 Jocundi
1063 2209 1135 2281 Ve-

150 2331 313 2417 ronensrs,
342 2329 402 2426 qui
420 2355 441 2401 a
459 2328 635 2402 nonnullis
654 2350 964 2418 commemoratur,
987 2353 1136 2427 apogra-
1160 2349 1165 2365 ¹
1264 2334 1267 2341 ’

150 2449 261 2544 phum
290 2449 384 2522 illius
409 2449 470 2539 est,
497 2469 604 2547 atque
629 2449 686 2522 ille
713 2448 797 2547 ipse,
824 2475 930 2552 quem
955 2448 1046 2547 saepe
1062 2452 1136 2524 Ur-

76 2586 80 2607 *
153 2570 379 2643 smuslaudat.
397 2594 432 2643 v.
445 2572 603 2643 Gronov.
622 2571 667 2643 ad
686 2574 730 2643 Α.
743 2572 810 2660 IV,
831 2575 888 2668 36.
921 2552 1049 2669 ltaque
1066 2598 1138 2646 non

152 2692 241 2764 rede
267 2690 414 2781 faciunt,
441 2690 503 2789 qui
531 2690 692 2765 omnium
717 2693 962 2789 exemplorum
993 2689 1138 2786 scripto-

149 2835 227 2883 rum
245 2810 448 2886 consensum
469 2811 504 2884 in
525 2811 593 2886 istis
615 2811 710 2886 libris
728 2832 1015 2898 commemorant,
1033 2812 1140 2905 squod

152 2929 333 3023 aliquoties
349 2932 495 3006 memini
524 2956 581 3006 me
599 2932 756 3029 reperire.
808 2933 936 3006 Codex·
951 2930 1008 3002 ille
1025 2940 1145 3027 quon-'

153 3047 239 3120 dam
264 3046 331 3119 fuit
355 3052 563 3124 Monasterii
587 3053 802 3127 Corbeien‘fis
819 3053 855 3125 in
880 3050 1057 3141 Vestfalia,
1085 3076 1138 3125 re-

151 3190 269 3268 pertus
292 3171 340 3243 ab
357 3168 501 3268 Angelo
518 3169 770 3264 Arcomboldo,
797 3172 979 3273 Qraestore
1007 3170 1140 3246 Leonis
1256 3177 1260 3181 ’

152 3294 200 3366 Χ.
230 3290 410 3365 Pontificis
435 3293 605 3381 Romani,
634 3295 734 3366 &ad
751 3298 911 3367 Leonem
929 3294 1086 3365 delatus:
1118 3320 1140 3366 a

153 3437 227 3510 quo
243 3412 444 3513 quingentis
467 3412 580 3486 aureis
606 3416 720 3487 numis
737 3434 865 3500 emtus,
889 3412 925 3484 in
949 3412 1140 3484 Bibliothe-

150 3557 243 3624 cam,
270 3533 348 3632 post
372 3554 525 3608 mortem
543 3532 628 3630 ejus,
663 3533 899 3607 Florentinam
924 3531 1028 3604 venit.
1080 3535 1140 3605 Ex

150 3679 193 3729 eo
221 3656 332 3731 edidit
360 3657 425 3729 hos
454 3655 560 3728 libros
593 3653 725 3749 primus
751 3653 842 3725 Phil.
872 3652 1073 3737 Beroaldus,
1102 3672 1142 3722 ut

147 3800 232 3852 mox
248 3790 282 3876 †
300 3778 464 3853 dicetur:
491 3772 549 3848 sed
563 3797 645 3846 eum
662 3772 737 3869 post
748 3772 939 3849 accuratius
951 3770 1141 3858 excussere,

662 3919 686 3967 a
