2512 4696
82 361 150 433 182
272 355 878 434 centuriatim

83 533 112 579 “
130 559 223 624 nere,
250 532 425 606 summum
444 534 656 631 pontificum
673 535 777 610 etiam
800 533 1061 612 summumeo:
1098 589 1103 593 -

68 664 108 705 ·“
125 653 260 729 minum
289 655 370 746 esse,
402 681 474 730 non
496 656 722 747 aemulationi,
761 683 832 730 non
860 656 958 747 odio,
994 678 1055 733 aut

80 784 106 821 “
121 774 264 874 privatis
277 775 531 850 adfectionibus
556 778 793 852 obnoxium.”

123 897 223 970 LIX.
250 902 457 972 ontnsus
486 923 566 996 quae
599 897 683 972 ciam
714 923 829 996 augur
862 899 1053 989 Lentulua‘
1099 946 1104 952 ·

79 1016 207 1116 aliique
234 1018 327 1091 varie
354 1019 570 1110 dissererent,
589 1018 631 1093 eb
648 1017 831 1094 decursum
849 1019 913 1130 est,
949 1028 976 1063 “
995 1040 1035 1092 ut
1068 1102 1077 1113 s,
1114 1015 1118 1022 ’
1168 1052 1169 1056 “

79 1126 107 1183 ‘³
125 1139 304 1237 pontificis'
313 1138 458 1217 maximi
470 1138 674 1219 sententiam
692 1140 971 1238 opperirentur.''
987 1139 1051 1212 Ti·

76 1259 203 1351 berius,
230 1261 336 1335 dilata
365 1261 508 1338 notione
530 1264 576 1336 de
593 1260 674 1360 jure
695 1261 870 1352 flaminis,
901 1263 1052 1335 decretas

75 1379 123 1458 ob
140 1378 361 1457 tribuniciam
379 1385 481 1458 Drusr
501 1383 704 1482 potestatem
725 1381 940 1457 carimonias
951 1375 1052 1456 ⁴'tern-

77 1504 211 1606 paravit
224 1534 235 1590 ;
262 1505 473 1580 nominatim
489 1529 636 1604 arguens
650 1502 905 1578 “insolentiam
922 1502 1055 1577 senten·

27 1663 31 1680 ·
76 1627 145 1715 tia,
184 1626 369 1726 aureasque
409 1627 521 1703 literas
553 1646 687 1700 contra
706 1610 855 1724 patrium
884 1619 1057 1699 morem.''

38 1738 41 1745 ⁷
77 1747 248 1824 Recitata
275 1754 310 1822 δι
338 1751 442 1821 Drusi
471 1747 640 1845 epistolae,
668 1771 887 1845 quamquam
910 1746 954 1818 ad
979 1770 1054 1818 nto·

75 1866 220 1943 destiam
254 1870 370 1956 flexa,
419 1894 484 1965 pro
519 1864 760 1966 superbissimis
808 1867 1054 1966 accipiuntur:

78 1995 106 2032 “
132 1989 220 2061 Huc
249 1983 412 2063 decidisse
436 1989 576 2075 cuncta,
602 2007 642 2060 ut
670 2014 715 2061 ne
729 1986 865 2082 juvenis
893 1989 1054 2084 quidem,

76 2103 106 2152 “
123 2125 221 2184 tanto
238 2107 369 2179 honore
386 2126 542 2202 accepto,
562 2106 670 2182 adiret
688 2105 796 2178 Urbis
811 2106 910 2194 deos,
937 2106 1055 2204 ingre-

76 2236 105 2272 “
123 2228 264 2301 deretur
288 2223 458 2314 senatum,
485 2222 637 2323 auspicia
664 2224 784 2302 saltem
803 2222 932 2322 gentile
958 2224 1055 2321 apud
1091 2284 1093 2287 ,

78 2344 105 2394 “
123 2347 237 2424 solum
267 2346 461 2448 inciperet?
513 2348 650 2420 Bellum
678 2342 819 2434 scilicet,
845 2358 904 2418 aut
919 2344 1056 2428 diverso

78 2478 294 2543 “terrarum
322 2466 490 2557 distineri,
529 2467 632 2542 litora
666 2470 700 2541 δι
730 2468 824 2540 lacus
852 2465 1054 2573 Campania

79 2599 107 2638 “
126 2593 209 2665 clim
244 2588 400 2693 maxime
432 2609 698 2688 peragrantem:
727 2591 771 2693 fic
804 2586 916 2662 imbui
946 2590 1056 2662 recto-

79 2722 107 2760 “
125 2738 202 2797 rem
216 2711 349 2811 generis
361 2710 526 2786 humani:
554 2709 589 2786 id
606 2709 762 2808 'primum
777 2708 962 2808 epaternis
973 2733 1057 2789 con·

79 2843 108 2882 “
127 2834 205 2910 filiis
233 2832 385 2908 discere:
413 2830 491 2915 sane
520 2851 718 2932 gravaretur
735 2828 911 2930 aspectum
925 2831 1057 2905 civium

74 2966 107 3004 ⁴‘
124 2957 228 3033 senex
246 2959 453 3054 Imperator,
472 2949 661 3051 fessamque
679 2971 830 3042 atatem,
850 2955 884 3025 δι
903 2954 997 3026 actos
1009 2955 1057 3026 la·

80 3085 108 3123 “
126 3081 227 3167 bores
249 3079 499 3177 protenderet:
527 3073 642 3150 Druso
670 3076 782 3174 quod,
808 3074 870 3157 nist
893 3099 939 3148 ex
955 3072 1057 3147 adro-

79 3207 108 3245 “
127 3199 260 3298 gantis,
287 3197 633 3297 impedimentum?''
760 3204 765 3216 '

126 3323 210 3396 Lx.
236 3324 312 3395 Sao
344 3318 521 3407 Tiberius,
558 3317 634 3391 vim
665 3315 880 3414 principatlls
914 3315 976 3389 srbi
998 3316 1058 3388 fir·

78 3461 191 3528 mans,
234 3441 426 3540 imaginem
459 3436 670 3537 antiquitatis
704 3434 835 3510 senatui
863 3437 1052 3536 praebebat,

77 3557 251 3657 postulata
268 3560 528 3657 provinciarum
556 3560 602 3631 ad
630 3546 902 3655 disquisrtionem
920 3574 1052 3652 patrum

77 3675 262 3752 mittendo.
311 3678 556 3754 Crebrescebat
583 3678 677 3751 enirn
695 3679 836 3753 Graecas
863 3693 924 3774 per
950 3673 1054 3745 urbes

49 3836 52 3844 ’
78 3786 216 3884 licentia
230 3818 335 3896 atque
351 3799 536 3897 impunitas
549 3797 639 3898 asyla
653 3792 835 3873 statuendi.
883 3789 1052 3895 Comple-
