2730 4748
237 318 241 326 .‚
306 323 629 450 ,Annnr'run
663 350 882 461 Lrnlll.¹
1015 377 1081 453 143

102 523 215 603 “Nil
236 549 324 622 opus
349 525 593 600 vetustioribus
616 525 813 623 exemplis:
842 522 1003 622 quotiens
1020 553 1083 626 po-
1142 548 1145 554 ’

102 653 131 689 “
150 647 248 744 pulus
275 649 462 720 Romanus
484 649 601 720 clades
629 646 863 736 exercituum,
906 647 1086 723 interitum
1193 640 1199 656 “

101 774 131 810 “
149 767 297 858 ducum,
324 766 482 841 funditus
510 766 644 841 amissas
666 766 800 840 nobiles
827 765 973 842 familias
1000 778 1085 842 con-

100 887 276 961 “stanter
305 887 451 961 tulerit?
483 887 664 985 Principes
690 888 865 976 mortales,
893 888 1084 986 rempubli-

101 1015 227 1084 “cam
244 1028 412 1084 aeternam
429 1010 506 1089 esse.
557 1007 664 1081 Proin
682 1027 874 1105 repeterent
885 1006 1084 1084 sollemnia:

102 1137 130 1172 “
148 1134 182 1204 ὅτ
205 1130 289 1227 quia
306 1131 472 1204 ludorum
490 1130 725 1228 Megalesrltm
746 1127 982 1226 spestaculum
1005 1129 1085 1205 sub-
1164 1126 1171 1170 ¹·

102 1258 131 1295 “
149 1273 235 1342 erat,
262 1251 368 1325 etiam
385 1253 584 1348 voluptates
602 1249 846 1325 resumerent.''

149 1375 230 1446 Vll.
246 1375 345 1446 Tum
361 1392 471 1445 exuto
480 1369 625 1470 justiti0,
651 1370 804 1445 reditum
817 1373 862 1445 ad
875 1373 996 1447 munia
1012 1402 1020 1446 :
1050 1379 1085 1448 δι

101 1489 238 1566 Drusus
254 1493 409 1588 Illyricos
425 1494 471 1566 ad
487 1491 660 1566 exercitus
683 1491 857 1589 professus
879 1495 940 1584 est,
966 1495 1087 1587 eredis
1122 1548 1124 1556 ,

50 1713 55 1718 A
103 1613 267 1687 omnium
277 1613 399 1687 animis
416 1612 574 1712 petendae
591 1639 611 1686 e
627 1611 750 1686 Pisone
765 1614 931 1688 ultionisz
961 1620 994 1688 δι
1012 1641 1087 1688 cre·

105 1738 172 1809 bro
187 1736 325 1833 questu,
352 1743 380 1779 “
398 1734 495 1832 quod
511 1761 622 1834 vagus
638 1734 776 1808 interim
793 1761 855 1833 per
872 1761 1012 1825 amoena
1033 1742 1085 1810 A·

105 1864 134 1900 “
154 1861 208 1931 srae
223 1877 329 1955 atque
346 1856 503 1946 Achaiae,
530 1856 712 1954 adroganti
741 1863 774 1930 ὃς
798 1856 950 1955 subdol&
974 1849 1085 1949 moral,

106 1984 136 2021 “
154 1976 322 2052 scelerum
340 1976 560 2073 probationes
578 1975 826 2054 subverteret.'’
851 1981 947 2052 Nam
963 1980 1103 2078 vulgar

102 2116 177 2173 tum
195 2110 269 2172 'erat
296 2105 324 2143 “
340 2097 520 2188 miffam,''
544 2117 584 2190 ut
602 2098 692 2189 dixi,
721 2107 750 2143 “
768 2125 789 2173 a
804 2101 871 2173 Cn.
888 2101 1006 2175 Sentio
1034 2100 1085 2176 fa·

103 2227 131 2261 “
147 2217 280 2292 mosam
294 2217 474 2293 veneficiis
490 2219 700 2312 Martinam,
725 2220 833 2296 subitd
851 2243 962 2296 morte
978 2226 1087 2297 an·
1185 2293 1187 2297 ,

105 2347 131 2382 “
147 2339 220 2415 dilii
236 2339 462 2430 exstinctam,
477 2365 737 2440 *venenumque
750 2344 845 2415 nodo
855 2341 1005 2415 crinium
1016 2341 1088 2438 ejus

104 2468 132 2504 “
150 2463 381 2552 occultatum,
410 2486 475 2536 nec
488 2463 558 2535 ulla
570 2462 764 2560 incorpore
778 2466 872 2561 figna
882 2460 1011 2559 sumpti
1024 2487 1086 2535 ex-

104 2589 133 2625 “
152 2581 204 2654 itii
221 2584 394 2679 reperta.''
1111 2581 1113 2585 ’

154 2704 448 2795 Vlll.ArP1s0,
477 2705 651 2802 praemlffo
668 2705 705 2779 in
717 2708 858 2780 Urbem
871 2706 960 2795 filio,
986 2703 1087 2778 datis-
1161 2749 1164 2756 ι

104 2849 173 2921 que
197 2823 384 2915 mandaria,
420 2851 484 2924 per
509 2853 588 2923 quae
615 2827 813 2925 Principem
842 2825 1007 2916 molliret,
1043 2826 1089 2899 ad
1200 2920 1202 2928 J

105 2944 258 3020 Drusum
288 2945 426 3044 pergit;
462 2973 570 3045 quern
595 2949 690 3020 haud
715 2946 826 3021 sratn's
852 2946 991 3021 interitu
1015 2967 1088 3020 tru-
1158 2933 1162 2942 ’

105 3089 200 3156 cem,
227 3068 335 3163 quam
351 3070 643 3143 remoroffaemulo
669 3068 859 3167 aequiorem
887 3066 948 3142 fibi
976 3066 1089 3164 spera·

74 3268 76 3270 ,
104 3188 177 3260 bat.
227 3186 388 3263 Tiberius
411 3187 483 3285 qud
506 3186 682 3287 integrum
697 3185 874 3286 judicium
890 3189 1087 3277 ostentaret,

104 3328 293 3402 exceptum
304 3307 451 3382 comiter
456 3305 642 3405 juvenem,
662 3309 754 3383 suetal
764 3335 847 3409 erga
860 3310 949 3384 filios
962 3304 1089 3395 famili·
1135 3305 1137 3312 ’

102 3451 207 3500 arum
221 3413 356 3507 nobiles
373 3428 576 3519 liberalitate
588 3451 705 3526 auget.
731 3427 862 3503 Drusus
874 3426 1003 3519 Pisoni,
1023 3433 1089 3505 “sr

103 3550 133 3590 “
151 3571 232 3623 vera
243 3545 357 3624 forent
371 3548 671 3648 quaejacerentur,
692 3549 954 3647 praecipuumin
966 3528 1089 3625 dolore
1152 3576 1154 3583 ¹

103 3673 132 3708 “
149 3663 406 3744 suumlocum'’
424 3668 598 3767 respondit
615 3698 624 3742 ε
643 3678 670 3713 “
683 3669 741 3743 sed
754 3671 858 3743 malle
870 3669 995 3745 salsa&
1015 3672 1088 3744 ina·

67 3792 71 3804 '
104 3793 134 3839 ‘⁴
152 3788 223 3884 nia,
250 3816 316 3867 nec
328 3789 494 3890 cuiquam
512 3812 664 3870 mortem
688 3791 889 3870 Germanici
908 3790 1088 3868 exitiosam
