2834 4732
810 101 819 131 Ι

280 355 348 414 100
512 339 558 411 C.
580 338 820 413 Conuenit
853 342 1034 425 Tncrrt

277 508 444 612 Agrippae
470 510 598 603 servus,
615 515 771 589 'nomine
799 514 949 607 Clemens,
979 539 1159 615 comperto
1185 525 1256 597 fine

274 634 439 733 Augusti,
463 661 606 735 pergere
627 637 663 709 in
687 634 833 711 insulam
856 639 1048 712 Planasiam
1073 645 1108 712 ἃ
1133 641 1255 717 fraude

271 775 330 827 aut
348 755 382 828 vi
399 777 537 862 raptum
556 736 756 856 Agrippam
774 758 867 832 serre
894 760 939 832 ad
969 760 1137 835 exercitus
1163 764 1252 835 Ger-

271 877 442 968 manicos,
468 905 541 953 non
564 878 677 952 servili
700 879 818 953 anim'o
843 880 1014 979 concepit.
1066 879 1159 956 Ausa
1181 879 1253 980 ejus

271 998 456 1097 impedivit
480 1000 619 1074 tarditas
647 1001 808 1075 onerariae
833 1002 953 1074 navis:
984 1025 1090 1100 atque
1114 1002 1254 1075 interim

270 1125 401 1218 patratb
423 1123 534 1212 caede,
558 1123 603 1194 ad
628 1120 808 1220 majora&
825 1123 937 1222 magis
955 1122 1144 1221 praecipitia
1167 1150 1251 1198 con·

187 1241 193 1257 ‘
234 1334 236 1337 Ι
270 1238 400 1333 versus,
418 1242 552 1317 furatur
567 1243 714 1330 cineres3
742 1242 929 1343 vectusque
945 1243 1085 1336 Cosam,
1106 1236 1253 1321 Etmriae

270 1364 564 1460 promontorium,
588 1364 718 1463 ignotis
735 1365 821 1439 locis
837 1364 904 1439 sese
920 1365 1030 1457 abdit,
1056 1366 1173 1440 donec
1187 1366 1252 1439 cri·

269 1511 352 1559 nem
379 1489 595 1585 barbamque
622 1487 862 1583 promitteret:
893 1513 976 1560 nam
1001 1507 1101 1560 aetate
1127 1493 1160 1560 δι
1183 1485 1253 1560 sor-

235 1660 240 1670 1
270 1611 329 1680 mla
357 1609 451 1682 haud
481 1607 630 1681 dissimili
658 1607 693 1680 in
723 1608 910 1682 dominum
935 1629 1018 1681 erat.
1068 1609 1166 1680 Tum
1193 1632 1254 1704 per

269 1727 415 1802 idoneos
441 1733 473 1801 δι
498 1726 615 1801 secreti
638 1727 708 1826 ejus
729 1727 854 1820 socioS,
879 1728 1060 1804 crebrescit
1088 1737 1116 1771 “
1136 1729 1254 1817 vivere

271 1856 299 1891 “
318 1850 562 1946 Agrippam,''
594 1849 740 1922 occultis
769 1851 925 1947 primiani
953 1849 1184 1940 sermonibus,
1214 1869 1253 1924 ut

268 1967 376 2040 vetita
408 1969 539 2054 solent;
571 1994 656 2040 mox
687 1990 781 2063 vago
814 1968 954 2043 rumore
982 1974 1077 2066 apud
1110 1971 1252 2067 impeti-

266 2086 380 2159 tissrmi
403 2086 567 2185 cujusque
590 2109 767 2185 promptas
791 2067 900 2178 aurei,
929 2110 988 2160 aut
1005 2088 1140 2161 rursum
1156 2093 1252 2186 apud

266 2209 437 2299 turbidos,
456 2191 569 2307 eoque
584 2236 678 2282 nova
694 2209 883 2307 cupientes.
933 2214 1053 2306 Atque
1069 2207 1139 2305 ipse
1155 2209 1255 2311 adire

268 2330 462 2427 municipia
490 2329 636 2404 obscuro
661 2330 745 2420 diei,
776 2355 890 2428 neque
919 2330 1101 2427 propalam
1129 2328 1251 2427 aspici,

268 2479 384 2551 neque
406 2453 535 2526 diutius
559 2452 679 2526 iisdem
700 2452 809 2527 locis:
841 2450 900 2545 sed
922 2451 1004 2550 quia
1026 2451 1151 2525 veritas
1175 2451 1249 2526 visu
1285 2483 1288 2490 ¹
1340 2545 1341 2548 Ἴ

268 2580 302 2648 &
333 2578 442 2663 mord,
473 2572 554 2646 falsa
583 2573 798 2662 festinatione
828 2573 1027 2647 &incertis
1057 2573 1249 2666 valescunt,
1326 2553 1328 2558 ¹

266 2696 485 2794 relinquebat
502 2693 646 2786 famam,
665 2718 723 2769 aut
741 2694 985 2793 praeveniebat.

239 2809 243 2815 ¹
317 2819 400 2890 XL.
424 2819 704 2890 Voconnnron
723 2817 862 2890 interim
879 2844 940 2916 per
958 2817 1110 2907 ltaliam,
1135 2824 1164 2860 ‘⁶
1182 2817 1250 2891 ser-

266 2944 435 3010 “vatum
463 2955 612 3011 munere
634 2940 742 3011 delam
767 2938 963 3037 Agrippam
979 2941 1016 3025 ;”
1045 2941 1252 3013 credebatur
1360 2946 1362 2955 ’

265 3060 420 3132 Romae:
447 3056 595 3156 jamque
620 3060 753 3134 Ostiam
778 3061 958 3133 inveclum
983 3060 1173 3134 multitudo
1196 3061 1248 3132 in·

265 3205 368 3278 gens,
389 3177 465 3278 jam
481 3179 517 3250 in
535 3181 638 3254 Urbe
655 3181 855 3254 clandestini
873 3202 986 3254 coetus
1003 3183 1246 3255 celebrabant:

264 3301 349 3373 cum
365 3299 549 3374 Tiberium
572 3327 702 3398 anceps
724 3328 807 3375 cura
828 3302 1028 3394 distrahere,
1052 3301 1133 3374 vine
1156 3299 1247 3374 miliss

263 3436 341 3491 tum
364 3419 503 3495 servum
524 3419 625 3494 suum
649 3427 838 3512 coerceret,
861 3448 905 3494 an
931 3423 1070 3496 inanem
1098 3421 1245 3497 creduli·
1346 3429 1350 3435 “

263 3558 371 3610 tatem
393 3561 550 3639 tempore
570 3542 643 3640 ipso
660 3541 841 3616 vanescere
864 3547 1009 3618 smeret:
1035 3541 1143 3616 modd
1159 3538 1246 3611 nihil

261 3657 508 3758 spernendum,
535 3664 645 3737 modo
667 3690 738 3736 non
763 3664 883 3737 omnia
909 3664 1108 3750 metuenda,
1131 3657 1244 3732 ambi-

265 3808 363 3880 guus,
369 3782 514 3880 pudoris
524 3810 564 3858 ac
575 3787 688 3859 metlrs
701 3788 895 3884 reputabat.
920 3780 1099 3857 Postremi)
1111 3781 1171 3856 dat
1183 3805 1244 3854 ne-
