2796 4724
263 351 332 434 174
403 288 408 292 -
487 327 1065 407 C.ConunstrTncrrt

256 509 384 584 manici
412 506 572 605 suprema
599 510 802 598 defleverat,
833 504 980 605 pecunis
1011 504 1184 583 donatum
1214 522 1236 582 a
1328 566 1336 581 ,

255 629 402 718 Caesare,
443 629 609 726 corripuit
649 631 797 719 delator,
849 625 1040 726 objectans,
1092 636 1119 670 ‘⁴
1138 654 1237 729 aegro

254 746 416 822 “Druso
444 747 687 846 composuisse,
719 750 829 848 quod,
861 753 885 824 s1
917 747 1103 821 exstinsms
1129 745 1234 838 soret,

255 877 283 913 “
302 867 433 968 majore
461 869 606 968 praemio
633 869 872 970 vulgaretur.'’
921 871 963 943 Id
976 949 977 952 ,
991 869 1034 942 C.
1066 867 1235 942 Lutorius

253 989 290 1062 in
307 991 418 1065 domo
443 991 484 1062 P.
507 990 676 1082 Petronii,
706 990 806 1065 socru
827 988 900 1090 ejus
928 989 1067 1065 Vitellis
1100 971 1232 1080 coram,

229 1087 439 1211 =multisque
456 1110 656 1186 inlustribus
669 1110 822 1204 feminis,
849 1138 911 1210 per
935 1110 1235 1208 vaniloquentiam
1264 1206 1266 1208 v

252 1233 393 1329 legerat.
444 1235 499 1306 Ut
514 1234 651 1322 delator
664 1233 808 1325 exstitit,
827 1233 945 1313 ceteris
973 1233 1018 1307 ad
1043 1233 1235 1307 dicendum

251 1352 490 1428 testimonium
523 1353 705 1446 exterritis,
745 1354 816 1429 sola
855 1350 994 1427 Vitellia
1034 1354 1174 1426 “nihil
1201 1352 1236 1426 se
1288 1353 1294 1359 ’

172 1458 176 1467 ’
252 1480 281 1516 “
302 1474 497 1548 audiviffe''
536 1475 773 1563 adseveravit;
814 1475 872 1549 sed
905 1474 1145 1574 arguentibus,
1189 1476 1235 1548 ad

252 1595 447 1695 pernicicm
473 1597 552 1695 plus
586 1597 668 1670 fidei
701 1596 778 1671 suit.
827 1596 1072 1693 Sententifique
1098 1595 1235 1669 Haterii

253 1717 428 1816 Agrippae
448 1717 596 1792 consulis
612 1716 781 1818 defignati
799 1717 970 1791 indicum
987 1742 1047 1790 reo
1069 1717 1234 1792 ultimum

250 1834 471 1935 supplicium.

299 1959 346 2028 L.
372 1958 540 2029 Cournn
565 1959 622 2030 M.
640 1957 799 2055 Lepidus
830 1959 866 2031 in
895 1957 990 2033 hunc
1006 1963 1155 2034 modum
1172 1985 1234 2035 ex·

248 2071 342 2148 orsus
358 2073 419 2146 est.
470 2082 498 2117 “
515 2075 563 2165 Si,
582 2094 694 2172 patres
712 2074 908 2173 conscripti,
933 2103 1046 2150 unum
1072 2080 1109 2152 id
1136 2079 1232 2175 spec-

251 2203 280 2240 “
298 2215 432 2287 tamus,
451 2196 559 2294 quim
577 2194 704 2270 nefaris
730 2221 819 2270 voce
843 2197 885 2268 C.
902 2176 1069 2270 Lutorius
1097 2197 1232 2271 Priscus

250 2325 454 2392 “mentem
487 2316 597 2409 suam,
633 2321 667 2390 &
700 2330 798 2391 aures
822 2316 1007 2391 hominum
1041 2317 1229 2416 polluerit;

250 2446 412 2537 “neque
435 2463 564 2531 carcer,
595 2464 709 2540 neque
735 2441 893 2539 laqueus,
924 2464 968 2512 ne
988 2437 1126 2513 serviles
1152 2438 1231 2536 qui-

251 2568 279 2604 “
297 2562 381 2634 dem
398 2561 570 2635 cruciatus
583 2561 619 2634 in
636 2587 717 2635 eum
733 2554 952 2636 'suffecerintz
984 2564 1033 2634 sin
1049 2558 1181 2658 flagitia
1197 2564 1232 2634 δε

251 2689 279 2725 “
298 2680 451 2756 facinora
468 2686 537 2757 srne
554 2684 663 2755 modo
679 2682 779 2770 sunt3
809 2682 984 2781 suppliciis
1000 2708 1041 2757 ac
1057 2682 1233 2774 remediis,

250 2809 279 2859 ⁴‘
297 2803 470 2901 Principis
487 2803 694 2896 moderatio,
725 2802 971 2903 majorumque
991 2806 1025 2876 &
1043 2803 1155 2877 vestra
1171 2828 1233 2885 ex,-

251 2929 281 2966 “
298 2925 415 3021 empla
438 2931 650 3022 temperant:
690 2930 725 2999 &
747 2951 838 3000 vana
863 2953 884 3000 a
910 2923 1072 3016 sceleslis,
1097 2925 1192 2998 dista
1213 2949 1235 2999 a

251 3030 278 3088 3<
297 3043 478 3118 maleficiis
513 3045 701 3122 differunt:
731 3047 791 3151 'est
820 3049 917 3122 locus
948 3044 1136 3137 sententiae,
1172 3070 1235 3144 per

203 3216 204 3221 =
250 3172 278 3209 “
297 3192 404 3264 quam
427 3190 542 3264 neque
565 3164 648 3241 huic
672 3167 842 3242 delictum
868 3167 1015 3266 impune
1037 3171 1090 3259 fit,
1112 3174 1148 3242 δι’
1169 3193 1232 3242 nos

250 3293 279 3330 “
298 3286 493 3362 clementiae
533 3290 634 3360 fimul
670 3315 711 3361 ac
741 3284 934 3363 severitatis·
956 3314 1028 3378 non
1055 3288 1231 3387 paeniteat.

250 3413 277 3449 “
295 3408 394 3504 Saepe
410 3408 528 3483 audivi
544 3407 744 3506 Principem
763 3410 920 3483 nostrum
939 3430 1228 3510 conquerentem,

251 3530 282 3567 “
299 3528 321 3598 sr
340 3529 431 3622 quis,
457 3528 592 3627 sumpts
606 3550 732 3623 morte,
758 3528 1029 3617 misericordiam
1052 3528 1124 3629 ejus
1142 3553 1227 3625 prae·

250 3653 278 3690 “
299 3644 452 3719 veniffet.
503 3651 584 3725 Vita
605 3653 648 3725 C.
673 3651 812 3743 Lutorii
843 3651 880 3724 in
903 3652 1040 3751 integro
1071 3650 1132 3738 est,
1165 3644 1227 3745 qui

250 3773 279 3814 “
297 3792 411 3868 neque
431 3765 583 3846 servatus
599 3772 636 3847 in
653 3773 847 3872 periculum
865 3772 1078 3873 reipublice,
1112 3792 1230 3867 neque
