2834 4732
368 327 673 398 Aunntruru
713 325 900 397 Lrnll.
1080 353 1143 403 121

175 506 204 546 “
219 500 365 593 veniret,
382 497 648 597 transferretque
662 497 831 571 invidiam
848 497 1037 572 criminis.''
1080 503 1159 574 Eas,

173 622 286 695 literas
300 618 461 693 Latinius
475 620 617 693 Pandus
652 639 843 717 propraetor
876 620 1028 708 Moefiae,
1066 646 1148 694 cum

173 742 355 829 militibus,
387 741 468 838 quis
503 740 611 835 Cotys
647 739 848 828 traderetur,
891 738 927 812 in
959 738 1149 813 Thraciam

173 860 273 934 mifit.
324 858 561 956 Rhescuporis
579 859 669 932 inter
693 880 830 934 metum
860 863 893 932 ὅτ
923 859 1011 932 iram
1040 886 1159 934 cunc-,

172 1002 276 1073 tatus,
298 981 422 1056 maluit
441 980 579 1077 patrati,
598 981 707 1078 quam
724 979 872 1078 incoepti
898 977 1055 1053 facinoris
1071 1007 1148 1055 reus

173 1104 262 1176 effe:
296 1102 458 1176 “occidi
487 1102 628 1197 Cotyn’'
646 1097 760 1198 jubet,
783 1120 1003 1201 mortemque
1028 1100 1149 1198 sponte

171 1219 349 1319 sumptam
384 1221 580 1295 ementitur.
646 1222 725 1295 Nec
742 1241 859 1293 tamen
877 1218 991 1295 Caesar
1008 1222 1149 1318 placitas

174 1339 279 1414 semel
295 1366 383 1416 artes
402 1341 576 1426 mutavit3
606 1339 665 1413 sed
692 1340 857 1414 defuncto
873 1342 1008 1431 Pando,
1041 1368 1149 1440 quem

175 1461 236 1535 srbi
252 1460 423 1534 insensum
441 1460 674 1558 Rhescuporis
702 1464 882 1559 arguebat,
909 1463 1149 1559 Pomponium

175 1583 358 1673 Flaccum,
376 1603 529 1656 veterem
552 1582 742 1680 stipendiis,
774 1586 807 1654 δι
838 1583 927 1654 atstrl
956 1607 1038 1654 cum
1067 1607 1148 1681 rege

174 1702 340 1793 amicitis,
377 1703 490 1801 e6que
506 1701 863 1777 accommodatiorem
878 1702 922 1776 ad
940 1700 1146 1794 fallendum,
1179 1787 1183 1803 Ι

173 1825 222 1896 ob
240 1822 277 1896 id
295 1822 449 1895 maxime
466 1826 604 1896 Moesrae
624 1821 786 1920 praefecit.

221 1945 374 2018 LXVII.
412 1946 595 2018 anccus
625 1942 662 2017 in
689 1941 880 2017 Thraciam
912 1942 1147 2043 transgressus,

174 2091 235 2162 per
267 2064 423 2164 ingentia
460 2064 640 2164 promissa,
681 2064 841 2164 quamvis
869 2065 1079 2166 ambiguum
1114 2070 1149 2142 &

172 2185 294 2260 scelera
309 2183 368 2260 sua
385 2207 619 2284 reputantem,
646 2187 811 2284 perpuht3
835 2208 873 2261 ut
890 2187 1044 2286 praesrdia
1063 2191 1148 2275 Ro-

150 2396 154 2404 β
171 2331 273 2380 mana
289 2306 457 2380 intraret:
485 2307 702 2381 circumdata
718 2307 798 2382 hinc
815 2309 887 2406 regi
903 2307 1014 2405 specie
1036 2310 1148 2381 hono-

171 2425 216 2498 ris
231 2425 348 2499 valida
365 2452 503 2517 manus,
524 2426 738 2525 tribunique,
767 2427 1044 2517 &centuriones,
1070 2452 1146 2499 mo·

171 2547 304 2634 nendo,
332 2543 523 2635 suadendo,
559 2550 592 2619 &
620 2547 752 2646 quanti)
776 2548 915 2648 longius
941 2546 1147 2622 abscedeba-

172 2684 228 2736 tur
244 2664 410 2760 apertiore
427 2665 595 2756 custodia,
613 2667 786 2765 postremo
810 2694 958 2766 gnarum
975 2669 1148 2741 neceffita-

173 2782 216 2856 tis
231 2782 267 2856 in
283 2765 420 2860 Urbem
436 2790 582 2861 traxsre.
625 2786 816 2863 Accusatus
827 2788 868 2870 in
885 2787 1002 2863 senatu
1018 2789 1065 2861 ab
1080 2813 1148 2861 ux·

173 2929 233 2977 ore
260 2906 379 3001 Cotyis
411 2909 610 2999 damnatur,
644 2930 683 2982 ut
701 2910 822 3006 procul
839 2931 949 3003 regno
965 2928 1147 2981 teneretur.
1218 3000 1222 3009 1
1306 2997 1309 3007 Ι

172 3024 327 3097 Thracia
353 3026 389 3098 in
414 3028 684 3103 Rhoemetalcen
712 3030 838 3119 filium,
863 3056 970 3129 quem
999 3029 1148 3125 paternis

173 3131 322 3219 confiliis
348 3145 564 3221 adversatum
588 3150 775 3241 constabat,
801 3151 908 3248 inque
927 3150 1054 3223 liberos
1078 3150 1148 3221 Co·

173 3265 239 3361 tyis
256 3265 443 3339 dividitur:
471 3261 578 3366 iisque
594 3272 753 3344 nondum
770 3270 895 3344 adultis
907 3267 1149 3342 Trebellienus

173 3382 290 3459 Rufus
303 3391 450 3483 praeturs
465 3387 603 3464 sumtus
619 3393 735 3480 datur,
762 3391 821 3488 qui
846 3414 995 3487 regnum
1012 3388 1148 3463 interim

172 3508 346 3597 tractaret,
372 3510 537 3605 exemplo
565 3537 636 3608 quo
662 3509 805 3610 majores
837 3515 1003 3584 Marcum
1038 3509 1148 3608 Lepi·

117 3714 122 3725 ἱ
172 3629 258 3700 dum
302 3628 486 3702 Ptolemaei
518 3628 632 3703 liberis
669 3652 835 3721 tutorem,
876 3632 912 3704 in
945 3632 1148 3731 AEgyptunr

171 3746 341 3829 miserant.
410 3747 641 3848 Rhescuporis
675 3753 924 3828 Alexandriam
968 3754 1147 3845 devectus,
