2776 4724
379 332 694 404 Arruntium
728 331 893 404 Linl.
1121 359 1143 439 7

161 506 257 592 bant„
281 500 427 602 Qrippe
442 525 561 577 rumor
581 500 773 596 incesserat,
800 524 930 601 paucos
947 522 1027 580 ante
1042 531 1142 583 men·

158 624 228 717 ses,
247 626 463 726 Augustum,
489 625 606 700 electis
649 625 805 714 consciis,
833 630 866 698 δι
900 625 1029 700 comite
1071 655 1144 703 uno

115 748 121 759 ‘
157 747 267 822 Fabio
284 748 465 839 Maxim0‚
492 749 684 823 Planafiam
713 750 869 838 vectum,
896 748 942 821 ad
953 747 1173 828 'visendum
1232 800 1235 812 ·

157 869 367 969 Agrippam.
393 871 529 943 Multas
545 869 616 943 illic
634 869 811 967 utrimque
828 868 999 958 lacrimas,
1026 874 1060 943 δι
1074 875 1140 972 fig-

156 1016 203 1063 na
218 989 380 1080 caritatis,
407 989 576 1089 spemque
592 1016 637 1065 ex
655 1016 710 1081 e0,
737 989 810 1063 fore
828 1010 867 1063 ut
877 989 1016 1089 juvenis
1034 1016 1140 1087 pena·

91 1160 94 1169 ι
131 1152 132 1156 =
157 1112 250 1186 tibus
265 1112 320 1185 avi
337 1114 559 1186 redderetur:
580 1112 679 1209 quod
696 1110 902 1184 Maximum
920 1111 1022 1184 uxori
1040 1111 1140 1186 Mar·

156 1232 218 1307 ciae
246 1233 435 1332 aperuisse:
464 1235 562 1308 illam
591 1232 729 1306 Liviae:
760 1258 908 1330 gnarum
926 1232 963 1304 id
987 1230 1137 1308 Caesari:

158 1378 274 1448 neque
290 1355 401 1426 multu
419 1355 507 1450 pust,
534 1354 703 1428 exstin&o
717 1353 884 1426 Maximo
908 1353 1077 1449 (dubium
1095 1381 1140 1427 an

158 1474 300 1569 quaefita
328 1476 455 1568 morte)
486 1475 622 1548 auditos
663 1475 699 1547 in
727 1473 846 1547 funere
873 1459 960 1572 ejus,
993 1475 1140 1550 Marciae

159 1593 312 1691 gemitus
357 1592 461 1667 semet
494 1595 689 1687 incusantis,
717 1602 744 1638 “
776 1594 874 1692 quud
909 1592 1009 1667 causa
1041 1595 1140 1669 exitii

140 1721 189 1798 ‚“
217 1713 342 1788 marito
370 1714 517 1788 fuisset.''
562 1720 770 1814 Utcumque
797 1713 831 1787 se
858 1741 975 1788 cares
1002 1715 1139 1808 habuit,

158 1833 310 1908 vixdum
342 1835 509 1935 ingressus
553 1839 732 1935 Illyricum
765 1835 943 1929 Tiberius,
987 1838 1140 1935 properis

156 1956 275 2068 matris
291 1957 395 2031 literis
412 1957 566 2032 accitur:
597 1984 713 2057 neque
728 1956 806 2031 satis
839 1979 1060 2055 compertum
1078 1959 1140 2052 est,

153 2076 337 2176 spirantem
354 2081 470 2154 adhuc
497 2081 700 2179 Augustum
728 2080 822 2178 apud
849 2082 972 2154 urbem
989 2082 1139 2173 Nolam,

153 2224 197 2272 an
214 2201 414 2275 exanimem
432 2202 605 2300 repererit.
636 2202 787 2277 Acribus
805 2227 959 2300 namque
976 2203 1139 2277 custodiis

150 2323 314 2414 domum,
346 2328 379 2397 ἃ
398 2323 472 2397 vias
488 2323 633 2423 sepserat
649 2324 777 2401 Livia:
803 2323 944 2421 laetique
962 2322 1139 2397 interdum

154 2445 267 2518 nuntii
293 2447 544 2544 vulgabantur,
574 2447 688 2520 donec
718 2443 872 2544 provisis,
904 2471 982 2542 quae
996 2454 1140 2544 'tempus

155 2567 333 2656 monebat,
372 2567 472 2640 stmul
513 2569 687 2641 excessisse
716 2567 930 2667 Augustum,
962 2569 996 2641 δι
1024 2592 1139 2641 rerum

156 2684 260 2784 potiri
277 2689 454 2761 Neronem
472 2687 565 2761 sama
582 2691 706 2762 eadem
722 2689 813 2775 tulit.

202 2811 264 2882 VI.
282 2812 452 2884 Paruum
469 2808 604 2883 facinus
621 2810 704 2884 novi
724 2809 936 2907 principatus
961 2807 1040 2898 suit,
1058 2806 1139 2881 Pos-

155 2930 245 3001 mmi
264 2931 432 3028 Agrippae
458 2933 594 3005 caedes:
625 2957 733 3030 quem
759 2931 920 3027 ignarum
948 2927 1139 3004 inermum-

153 3072 240 3145 que,
267 3048 428 3145 quamvis
442 3052 593 3124 firmatus
610 3054 742 3143 anim0,
769 3048 928 3124 centurio
946 3075 1037 3149 aegre
1054 3077 1139 3124 con·
1188 3089 1191 3092 ⁴

154 3167 249 3242 fecit.
266 3264 273 3271 Ι
300 3166 402 3240 Nihil
419 3170 464 3242 de
476 3173 515 3243 ea
530 3196 566 3244 re
577 3174 738 3247 Tiberius
751 3173 845 3270 apud
862 3168 1020 3245 senatum
1038 3172 1140 3246 disie-
1197 3214 1199 3216 v

153 3287 234 3362 ruit.
268 3289 376 3363 Patris
395 3288 486 3389 juffa
512 3296 706 3387 simulabat,
737 3295 866 3393 quibus
895 3289 1142 3390 praescripsisset

155 3409 296 3485 tribuno
312 3412 476 3487 custodiae
490 3417 661 3514 adposito,
684 3422 713 3458 “
727 3442 772 3489 ne
782 3417 998 3491 cunctaretur
1010 3412 1141 3511 Agrip·

154 3538 285 3630 “pam
302 3555 412 3607 morte
428 3536 591 3626 adficere,
626 3537 839 3634 quandoque
856 3532 926 3633 ipse
941 3531 1142 3632 supremum

116 3637 124 3649 κ
153 3654 299 3728 “diem
328 3657 569 3753 expleviss'et.”
603 3659 723 3730 Multa
749 3659 818 3727 fine
845 3653 955 3729 dubio
983 3652 1142 3749 saevaque
1220 3716 1226 3728 .

153 3776 331 3874 Augustus
347 3778 393 3852 de
409 3778 564 3853 moribus
580 3774 819 3851 'adolescentis
836 3776 990 3875 questus,
1021 3794 1060 3848 ut
1079 3795 1141 3845 ex·

628 3899 657 3969 B
678 3921 703 3988 4
