2760 4718
327 353 629 427 Auunrrunr
665 351 777 422 Lrn.
799 349 862 422 VI.
1060 373 1129 449 297

158 523 262 623 patris
272 552 284 613 ;
315 550 428 624 neque
446 524 482 597 id
500 546 644 615 temere,
661 523 719 598 sed
736 523 868 598 sublato
882 524 1030 621 myrrhae
1044 549 1133 620 pon·

157 648 253 737 dere,
273 665 476 744 tentatoque
493 648 718 744 perlongum
735 644 813 734 iter,
843 642 904 718 ubi
937 670 997 740 par
1021 644 1133 734 oneri,

156 792 219 863 par
235 766 361 840 meatui
380 769 433 856 sit,
469 766 580 840 subire
598 765 749 864 patrium
763 791 906 861 corpus,
925 764 1031 863 inque
1046 766 1136 840 Solis

157 912 250 967 aram
279 884 442 983 perferre,
464 907 570 985 atque
599 888 751 961 adolere.
803 888 896 959 Haee
922 884 1066 960 “incerta
1096 892 1134 960 a:
1195 865 1201 874 ’

156 1005 318 1083 fabulosis
358 1010 470 1080 aucta.
533 1007 698 1081 Ceterum
732 1006 835 1103 aspici
870 1005 1058 1104 aliquando
1097 1007 1135 1085 in

157 1128 319 1224 AEgypto
336 1117 414 1199 eam
431 1128 627 1218 volucrem,
653 1153 724 1200 non
742 1125 956 1224 ambigitur·
1068 1184 1073 1205 .

80 1236 109 1249 ”
156 1303 160 1309 .
207 1247 347 1322 XXIX.
373 1250 433 1322 Ar
453 1250 588 1321 Roma:
605 1248 699 1321 caede
716 1246 893 1336 continua,
918 1239 1136 1345 Pomponius¹

158 1369 298 1457 Labe0,
318 1393 426 1466 quem
445 1366 615 1466 praefuisse
632 1371 769 1442 Moesrae
786 1367 902 1458 retuli,
924 1392 983 1465 pcr
1003 1371 1134 1469 abrup·
1185 1435 1187 1439 .

157 1509 208 1564 tas
224 1514 328 1562 venas
344 1486 546 1587 sanguinem
563 1488 709 1574 effudit;
739 1489 969 1584 aemulataque
987 1490 1035 1563 est
1051 1516 1136 1565 con.

120 1614 121 1617 ’
152 1607 244 1706 junx
273 1612 421 1702 Paxaea:
449 1636 532 1684 nam
572 1630 749 1707 promptas
787 1607 954 1707 ejusmodi
992 1632 1135 1706 morter,

158 1750 272 1808 metus
287 1731 455 1805 carnificis
470 1715 641 1804 faciebat:
673 1734 706 1802 &
727 1729 808 1827 quia
823 1730 993 1820 damnati,
1019 1732 1136 1829 publi,

93 1921 96 1930 .
160 1851 245 1925 catis
262 1852 379 1943 bonis,
409 1850 579 1949 sepultura
604 1851 907 1949 prohibebantur3
936 1869 1057 1926 corum
1075 1852 1136 1951 qui

157 1971 203 2044 de
228 1970 261 2044 se
285 1972 491 2063 statuebant,
520 1975 752 2047 humabantur
767 1997 926 2070 corpora,
952 1976 1139 2048 manebant

156 2093 371 2184 testamenta,
391 2095 542 2193 pretium
559 2093 755 2170 festinandi.
804 2095 1009 2186 SedCaesar‚
1036 2095 1140 2169 miffis

155 2214 200 2287 ad
223 2214 380 2290 senatum
408 2216 525 2306 literis,
550 2215 719 2304 differuit,
745 2223 773 2258 “
786 2242 922 2288 morem
946 2213 1044 2289 fuiffe
1063 2243 1138 2289 ma·

158 2343 185 2378 “
197 2334 344 2432 juribus,
385 2335 547 2429 quotiens
585 2333 787 2405 dirimerent
816 2330 999 2420 amicitias,
1034 2333 1139 2409 inter-

158 2454 319 2528 “dicere
340 2454 464 2539 domu,
507 2476 659 2547 eumque
696 2453 804 2524 finem
830 2450 951 2548 gratiae
980 2477 1136 2554 poneret

159 2579 187 2627 “
202 2572 239 2645 id
256 2571 289 2646 se
305 2569 499 2667 repetiviffe
524 2568 559 2641 in
584 2572 778 2644 Labeone:
804 2589 910 2668 atque
924 2569 1038 2664 illum,
1058 2574 1141 2670 quia

158 2700 187 2739 ‘⁶
207 2692 297 2764 male
319 2689 563 2779 administratae
593 2685 798 2789 provincia,
826 2689 1044 2790 aliorumque
1071 2693 1138 2765 cri-

158 2811 343 2885 “minum
369 2813 574 2911 urgebatur,
618 2811 759 2909 culpam
788 2809 922 2914 inuidia
955 2811 1132 2904 vclaviffe,
1211 2829 1221 2843 “

160 2941 188 2985 “
206 2915 326 3008 frustra
348 2931 534 3006 conterrita
555 2956 678 3022 uxore,
705 2958 829 3029 quam,
860 2935 918 3007 ctsr
937 2953 1137 3024 nocentem,

159 3052 348 3152 “periculi
382 3073 498 3126 tamen
528 3072 705 3150 expertem
734 3051 870 3128 fuiffe.’'
934 3057 1154 3130 Mamercus.

157 3175 239 3250 dein
257 3178 401 3251 Scaurus
419 3172 551 3249 rursum
569 3174 773 3271 postulatur,
791 3174 932 3273 insignis
958 3173 1140 3249 nobilitate
1198 3204 1202 3210 ·

161 3301 196 3372 &
213 3294 352 3368 orandis
369 3296 490 3384 causis,
509 3294 578 3368 vita
597 3293 804 3391 probrosus:
831 3295 919 3368 nihil
937 3297 1032 3369 hunc
1051 3297 1138 3370 ami-

155 3395 241 3492 citia
262 3414 386 3514 Sejani,
404 3413 462 3492 sed
487 3412 646 3489 labefecit
664 3417 758 3489 haud
784 3415 899 3489 minus
918 3415 1076 3491 validum
1092 3421 1139 3493 ad

158 3536 264 3611 exitia
290 3534 472 3610 Macronis
502 3535 639 3625 odium,
668 3535 727 3633 qui
750 3536 887 3611 easdem
910 3557 998 3612 artes
1021 3542 1138 3613 occul-

158 3657 227 3737 tius
247 3658 451 3731 exercebat:
479 3657 720 3754 detuleratque
740 3679 987 3757 argumentum
1007 3679 1137 3758 tragoe-

158 3776 240 3872 dia,
275 3781 448 3868 aScauro
471 3775 614 3876 scriptae,
648 3776 776 3851 additis
811 3782 977 3874 versibus,
1006 3780 1069 3880 qui
1101 3778 1137 3861 itt
1194 3866 1198 3873 ἱ
