2776 4724
1091 329 1154 402 xxi

169 499 362 574 contulisset
379 534 405 574 t.
439 486 586 602 Ingenio
599 500 811 602 eruditisque
822 487 1080 575 commentariis
1096 520 1152 573 ut-

169 646 322 720 cumque
345 620 383 695 id
406 620 592 722 supplevit,
623 628 657 697 81
682 623 872 698 editionem
896 619 1015 694 ceteris
1035 611 1152 727 omniss

169 743 248 833 bus,
277 768 355 839 quae
381 744 461 817 ante
488 744 687 844 prodierant
714 740 996 841 prestantiorem,
1023 745 1151 839 magni

168 887 249 937 cum
267 863 419 960 nominis
435 863 484 938 sui
499 864 612 965 gloria
630 862 832 961 Antverpiae
850 858 1043 960 publicauit
1057 875 1154 936 anno'

168 1007 371 1059 monxxw.
421 989 541 1085 Quam
569 985 687 1084 postea
713 984 758 1058 ad
786 981 1042 1086 unnumusque
1067 1007 1151 1056 runc

167 1103 257 1203 saepe
286 1107 493 1196 retradavit,
531 1103 748 1196 emendavit,
781 1103 1031 1200 melioremque
1052 1091 1151 1176 fecit.
1269 1192 1271 1199 Ι

168 1226 210 1298 ln
235 1206 304 1300 hoc
331 1225 452 1326 gloriae
476 1224 544 1300 suae
569 1224 790 1300 monimento
813 1222 926 1297 rursus
948 1222 1152 1298 adornando

169 1345 379 1420 immortuus
394 1327 444 1422 est
458 1373 552 1422 anno
566 1370 712 1436 niuem,
731 1343 839 1419 aetatis
854 1343 921 1418 suae
935 1370 1019 1418 1111.
1059 1343 1151 1442 Lip-

170 1468 299 1540 fiorum
314 1466 428 1563 stirpis
443 1467 600 1557 ultimus,
621 1471 654 1540 &
673 1446 845 1564 magnum
860 1464 967 1537 decus
985 1486 1014 1536 2.

220 1588 347 1659 lunen
371 1606 483 1660 tantos
499 1586 606 1684 Lipsri
617 1580 764 1676 labores,
794 1581 935 1658 Curtius
950 1585 1149 1675 Prcnmm,

171 1704 303 1803 Magni
323 1704 435 1780 Ducis
462 1706 609 1781 Etmriae
638 1731 659 1781 a
685 1704 833 1796 secretis,
862 1704 899 1778 in
931 1704 1152 1778 emendando
1259 1778 1263 1788 ,

173 1825 302 1900 Tacito
325 1826 508 1901 Florentiae
535 1826 657 1903 utilem
683 1833 833 1924 operam‘
848 1824 961 1925 posuit
979 1845 1008 1903 3.
1058 1824 1152 1901 Usus

171 1943 419 2045 manuscriptis
432 1946 612 2022 codicibus
629 1947 850 2023 bibliothecae
862 1945 1052 2038 Mediceae,
1074 1949 1153 2021 locu

171 2067 335 2165 plurima,
366 2093 445 2168 quae
466 2067 552 2144 alios
569 2067 744 2168 fugerunt,
770 2067 913 2143 restituit
940 2070 974 2142 &
997 2067 1151 2166 explica·

137 2345 145 2376 a
218 2285 388 2367 '‘Majorem
410 2289 518 2350 laudem
539 2290 629 2350 adhuc
653 2289 884 2368 reportaturuu,·fi
906 2287 993 2348 libros
1011 2285 1148 2355 edidisset,

172 2386 272 2465 quibui
284 2404 461 2452 contexuerat
474 2390 609 2451 Caiatiam
621 2390 761 2451 historiam
782 2397 808 2450 tc
820 2390 902 2450 initia
914 2386 1027 2450 Claudii
1040 2388 1149 2448 Corne·

176 2487 252 2547 liano
263 2490 390 2568 exemplo
402 2489 527 2570 stiloque,
548 2505 579 2550 ut
599 2489 656 2572 ipse
669 2492 779 2551 testatur
796 2490 826 2551 in
846 2490 920 2550 notit
932 2491 967 2550 ud
980 2490 1081 2551 Annal.
1091 2488 1150 2557 xl,

182 2607 207 2647 t.
246 2589 287 2647 At
303 2588 335 2648 in
359 2589 569 2671 migrationibus
594 2591 661 2661 suit,
680 2613 746 2671 quae
766 2593 921 2672 frequentet
943 2591 1032 2653 secere
1053 2590 1151 2651 turbu·
1223 2604 1225 2607 ’

179 2689 255 2748 lenta
280 2706 414 2770 tempora,
441 2693 564 2754 laborem
585 2694 670 2764 hunc,
697 2693 845 2754 fraudem
866 2693 940 2763 cusu,
966 2692 1017 2752 fibi
1042 2687 1150 2769 periiffe
1218 2766 1221 2770 .

131 2864 139 2880 .
177 2788 283 2850 ibidem
291 2791 424 2852 declarat.
451 2793 561 2869 Jastnm
573 2792 651 2856 tautd
662 2793 773 2874 gravior
786 2794 855 2856 mihi
866 2794 986 2862 videtur,
1002 2786 1078 2868 quod
1091 2786 1150 2847 haec

181 2888 336 2950 odolescenn
348 2890 499 2971 scripserat,
517 2893 680 2973 acproinde
689 2893 754 2953 curu
766 2893 793 2962 ‚ei
803 2893 885 2952 molle
900 2897 926 2950 tc
938 2892 1047 2972 elegant
1060 2886 1153 2948 adhuc

179 3002 239 3046 erat
251 2988 421 3068 ingenium
443 2992 544 3063 Postea,
562 2980 689 3072 singulari
711 2991 822 3052 humani
840 2991 948 3073 ingenii
964 2987 1154 3076 incontiantiit,

181 3085 212 3146 in
223 3085 344 3148 deterius
356 3102 486 3160 mutatur,
504 3090 602 3151 durum
615 3092 795 3157 &horridum
813 3091 951 3156 scribendi
963 3112 1047 3173 genus
1060 3087 1154 3149 adsec-

181 3187 261 3247 tavit.
287 3194 289 3206 ¹

220 3291 235 3323 ²
253 3289 408 3352 Innumerae
421 3293 511 3374 postea
523 3293 634 3355 suerunt
647 3294 779 3372 Lipsianae
790 3293 937 3364 editiones,
956 3272 1071 3371 quarum
1084 3289 1152 3352 niti·

176 3386 355 3452 diffirnaesunt
364 3414 426 3473 quae
435 3394 509 3474 typis
517 3394 699 3456 Elnetirianit
710 3394 837 3474 prodiere
845 3392 975 3475 Lugduni
984 3395 1153 3455 Batatorum·

179 3489 259 3550 annis
276 3491 363 3564 1621,
386 3497 461 3572 1634
477 3501 504 3555 dc
520 3499 604 3574 1640.

67 3596 69 3601 ⁴
219 3594 230 3629 ¹
246 3591 365 3652 Pichena
373 3593 480 3654 seorsus
490 3611 567 3655 notat
576 3586 695 3675 primum
705 3594 795 3654 edidit
800 3619 809 3664 ς
823 3591 924 3654 deinde
933 3592 1084 3655 editionem
1097 3591 1155 3671 ipso

138 3714 142 3721 ·
177 3690 322 3753 adornavit
332 3693 458 3768 excusam
472 3694 646 3756 Francosurti
662 3715 735 3755 enno
752 3694 832 3775 1607.
853 3694 1012 3756 &Aureliae
1024 3691 1154 3754 Allobro.-

177 3810 244 3871 gunt
256 3812 329 3853 tuno
345 3793 430 3873 1609.

622 3900 724 3994 b3‘
