2796 4724
272 343 339 417 ¹92
489 315 1066 393 GConrrrttrTAcrrr

317 494 489 569 LXXIII.
517 498 575 568 Ac
602 517 745 609 mnan
775 518 828 566 tes
849 496 944 568 BIaefi
972 496 1090 592 dignae
1115 497 1243 574 decore

268 615 325 688 tali
351 613 474 687 fuere:
501 640 584 687 nam
616 612 832 705 Tacfarinas,
875 608 1093 714 quamquam
1118 618 1242 717 saepiue
1304 685 1311 693 ,

266 733 443 833 depulsus,
484 733 643 832 reparatis
675 760 738 832 per
771 735 892 809 intima
925 736 1052 810 Africae
1088 741 1241 831 auxiliis,

154 919 159 923 ,
265 857 333 929 huc
349 856 564 955 adrogantiae
582 877 739 947 venerat,
765 879 803 930 ut
830 858 963 956 legatos
987 860 1031 931 ad
1057 845 1241 949 Tiberium

266 977 433 1065 mitteret,
461 983 488 1018 “
506 974 718 1073 sedemque''
753 978 843 1050 ultro
878 978 985 1052 “fibi
1014 1000 1118 1076 atque
1139 1005 1241 1053 exer·

268 1096 399 1194 “citui
427 1096 513 1170 suo''
538 1097 738 1194 postularet,
764 1118 823 1171 aut
845 1105 872 1141 “
890 1101 1025 1173 bellum
1051 1100 1240 1197 ineprIca-

263 1226 294 1306 ‚“
313 1217 409 1294 bile''
433 1216 657 1291 minitaretur.
708 1219 794 1292 Non
819 1219 901 1293 alias
919 1219 1031 1319 magis
1053 1219 1110 1294 sub
1126 1246 1242 1318 popu·

266 1340 362 1438 lique
387 1339 545 1413 Romani
562 1339 775 1413 contumelia
803 1339 983 1414 indoluiffe
1007 1338 1176 1435 Caesarem
1192 1339 1243 1414 fe-

266 1480 359 1551 runt,
385 1458 502 1558 quim'
521 1466 548 1501 “
566 1459 664 1558 qubd
691 1459 842 1534 desertor
872 1456 1064 1560 &praedm
1091 1459 1242 1535 hostium

250 1590 295 1625 '⁴‘
314 1579 413 1656 more
448 1601 578 1679 ageret.
627 1581 687 1654 Ne
714 1583 878 1679 Spartaco
905 1581 1066 1680 quidem,
1095 1572 1170 1680 post
1192 1603 1242 1655 tot

266 1709 297 1745 “
315 1698 547 1775 consularium
562 1701 777 1776 exercituum
805 1704 918 1777 clades
936 1704 1084 1778 inultam
1108 1703 1240 1776 Italiam

160 1904 169 1916 f
268 1830 298 1867 “
316 1822 442 1912 urenti,
474 1848 692 1921 quamquam
725 1824 863 1898 Sertorii
896 1846 1001 1923 atque
1028 1821 1243 1904 Mithridatis

268 1951 297 1988 “
314 1942 516 2043 ingentibus
533 1944 631 2017 bellis
649 1929 778 2018 labaret
806 1943 1012 2043 respublica,
1039 1945 1176 2035 datum,
1204 1962 1243 2017 ut

266 2070 295 2107 “
313 2064 414 2162 paslo
442 2062 479 2135 in
505 2065 612 2137 fidem
641 2062 879 2160 acciperetur:
907 2051 1061 2153 nedum,
1080 2067 1241 2161 pulcher·
1328 2066 1331 2082 '

271 2191 300 2229 “
318 2182 408 2259 rimo
425 2185 548 2284 populi
566 2182 719 2276 Romani
736 2181 886 2281 fastigio,
912 2175 1000 2256 latro
1025 2181 1240 2273 Tacfarinas,

268 2314 296 2351 “
315 2333 400 2405 pace
417 2311 450 2381 δι
467 2307 682 2380 concessione
699 2330 862 2403 agrorum
880 2301 1143 2377 redimeretur.''
1169 2303 1243 2376 Dat

119 2480 122 2488 ·
237 2478 238 2481 =
266 2427 451 2528 negotium
468 2425 589 2517 Blaeso,
617 2433 644 2468 “
662 2445 792 2500 ceteros
810 2423 953 2523 quidem
971 2418 1016 2497 ad
1041 2422 1137 2522 spem
1159 2450 1241 2522 pro-

267 2550 433 2623 “liceret
464 2574 563 2621 arma
583 2536 660 2621 ¹fine
683 2548 776 2620 nortl
798 2543 975 2644 ponendi;
1002 2544 1105 2644 ipsius
1126 2565 1244 2621 autem

266 2675 295 2714 “
311 2669 411 2745 ducis
424 2693 570 2768 quoquo
587 2668 695 2741 modo
712 2666 915 2765 potiretur.''
1020 2723 1022 2728 .

314 2793 487 2866 LXXIV.
506 2791 562 2862 Er
580 2813 747 2862 necarer
768 2788 808 2861 eb
824 2786 924 2861 venis
952 2785 1130 2886 plerique:
1159 2815 1245 2864 mox

261 2911 449 2986 adversum
465 2930 553 2993 artes
568 2908 811 2998 Tacfarinatis,
839 2908 934 2981 haud
950 2906 1103 2982 diffimili
1134 2912 1242 2983 modo

264 3031 519 3130 belligeratum.
570 3033 666 3104 Nam
684 3029 766 3130 quia
782 3029 840 3103 ille
850 3030 974 3103 robore
990 3031 1164 3105 exercitbs
1177 3031 1241 3104 im·
1258 3023 1260 3026 ’

140 3160 145 3169 ‘
265 3179 340 3252 par,
366 3149 504 3225 furandi
520 3151 656 3242 melior,
684 3152 800 3249 plures
817 3176 879 3248 per
897 3152 1022 3250 globos
1040 3151 1239 3242 incursaret,

162 3336 165 3348 ,
263 3274 503 3371 eluderetque,
531 3271 717 3346 &infidias
735 3273 834 3345 simul
847 3291 1015 3358 tentaret3
1042 3293 1110 3346 tres
1135 3269 1243 3345 inces-

262 3392 331 3480 sus,
356 3392 504 3467 totidem
526 3391 668 3491 agmina
685 3410 869 3489 parantur:
898 3418 944 3466 ex
962 3395 1041 3493 quls
1057 3394 1242 3467 Cornelius

217 3593 221 3598 ,
262 3509 381 3606 Scipio
388 3513 520 3611 legatus
534 3511 684 3610 praefuit,
699 3513 770 3611 quii
788 3513 957 3611 praedatio
968 3513 1005 3587 in
1017 3513 1237 3611 leptitmos,

264 3628 464 3729 &suffugia
489 3637 765 3722 Garamantum
792 3634 861 3708 alio
890 3637 1009 3726 latere,
1037 3658 1080 3706 ne
1102 3631 1241 3702 Cirten-
1291 3709 1293 3712 Α

264 3756 349 3828 Irum
379 3751 461 3849 pagi
479 3752 622 3853 impune
646 3757 872 3849 traherentur,
898 3742 1074 3856 propriam
1094 3774 1241 3826 manum
1340 3839 1344 3847 Ι
