2834 4732
276 325 329 390 40
463 296 1062 380 C.C0nuar11Tncrr1

278 471 407 544 “dum
440 472 560 544 adulta
590 471 792 545 auctoritate
824 472 1012 571 comprimi
1046 495 1174 571 queat:
1211 478 1260 558 ire

279 601 307 637 “
320 591 448 691 ipsum,
484 580 728 690 &opponere
757 591 969 694 majestatem
998 594 1259 692 imperatoriam

279 722 305 758 “
319 713 476 788 debuiffe
499 713 651 802 cessuris,
681 713 744 789 ubi
761 715 961 815 Principem
989 720 1095 816 longa
1120 718 1259 817 experi'.

278 842 305 878 “
319 833 426 925 entia,
455 836 695 933 eumdemque
726 834 912 912 severitatis
942 842 977 912 δι
1009 824 1259 917 munificentia:

279 963 306 1013 4‘
321 955 501 1030 summum
523 956 698 1030 vidissent.
733 963 794 1031 An
813 960 1014 1058 Augustum
1043 959 1127 1036 sessd
1142 983 1258 1055 aetate,

279 1077 444 1151 “totiens
473 1077 509 1150 in
536 1076 740 1151 Germanias
766 1105 962 1156 commeare
989 1084 1158 1181 potuisse:
1192 1083 1257 1156 Ti-

277 1206 304 1242 “
319 1199 454 1273 berium
483 1198 663 1299 vigentem
680 1200 792 1290 annis,
819 1197 934 1277 sedere
955 1204 992 1276 in
1013 1203 1131 1278 senatu
1153 1206 1260 1278 verba

277 1329 459 1419 “patrum
487 1320 736 1394 cavillantem?
767 1320 846 1397 satis
869 1323 1087 1422 prospectum
1105 1328 1261 1400 Urbauae

277 1450 305 1485 “
320 1442 497 1519 servituti:
527 1440 733 1516 militaribus
760 1445 885 1518 animis
911 1445 1109 1519 adhibenda
1125 1444 1261 1520 somen-

279 1571 306 1607 “
320 1585 369 1654 ta,
397 1586 436 1637 ut
452 1563 538 1639 serre
556 1590 680 1663 pacem
700 1567 848 1639 velint.'’
1298 1544 1307 1566 κ

325 1689 478 1762 XLVII.
505 1688 703 1760 Immorum
722 1685 882 1761 adversus
899 1712 957 1762 eos
973 1687 1158 1785 sermones,
1192 1691 1260 1763 fix-

276 1834 411 1905 umque
435 1806 580 1880 Tiberio
606 1805 690 1901 suit,
717 1835 789 1885 non
815 1808 975 1884 omittere
1000 1829 1106 1910 caput
1130 1833 1259 1900 rerum,

276 1953 391 2024 neque
406 1925 439 1999 se
454 1941 602 2025 remque
619 1927 800 2024 publicam
817 1929 854 2001 in
877 1929 994 2004 casum
1016 1934 1109 2004 dare.
1157 1932 1262 2004 Mul·

212 2070 214 2075 ’
246 2069 310 2120 ta
339 2047 472 2145 quippe
501 2050 535 2119 δι
566 2045 698 2119 diversa
726 2050 924 2147 angebant:
966 2047 1167 2120 “validior
1198 2074 1262 2145 per

276 2168 544 2242 “Germaniam
578 2168 775 2255 exercitus:
819 2166 960 2266 propior
991 2168 1087 2264 apud
1118 2170 1259 2243 Panno-

276 2298 304 2334 “
319 2290 439 2365 niam:
470 2290 528 2363 ille
546 2290 741 2364 Galliarum
759 2289 885 2388 opibus
904 2287 1085 2379 subnixus,
1114 2290 1173 2365 lric
1189 2294 1259 2366 Ita-

278 2420 305 2456 “
320 2412 375 2485 liae
408 2411 621 2486 imminens:
651 2438 739 2511 quos
767 2412 875 2511 igitur
900 2409 1107 2486 anteferret?
1134 2438 1189 2504 ac,
1215 2440 1260 2491 ne

280 2541 310 2577 “
325 2534 499 2633 postpositi
534 2533 749 2610 contumelia
780 2533 1054 2611 incenderentur.
1116 2540 1167 2610 At
1200 2562 1262 2634 per

278 2657 411 2731 “filios
429 2656 553 2755 pariter
569 2657 668 2747 adiri,
695 2652 869 2755 majestate
885 2653 991 2745 salva,
1026 2655 1084 2729 cui
1108 2656 1217 2757 major
1235 2685 1263 2734 -e

279 2787 306 2822 “
321 2780 519 2879 longinquo
543 2778 755 2854 reverentia:
784 2779 882 2851 simul
905 2777 1183 2854 adolescentibus
1200 2806 1262 2853 ex-

218 2946 220 2954 <
279 2908 308 2945 “
323 2901 494 2992 cusatum,
522 2903 684 2999 quaedam
700 2901 745 2974 ad
769 2919 901 2998 patrem
924 2897 1083 2997 rejicere:
1111 2900 1265 2976 resisten-

203 3039 206 3043 '
279 3031 307 3065 “
321 3022 440 3120 resque
457 3024 682 3114 Germanic0,
710 3043 768 3096 aut
784 3019 912 3114 Druso,
944 3024 1039 3120 posse
1064 3049 1086 3099 a
1109 3021 1143 3098 se
1169 3021 1262 3096 miri-

281 3143 396 3243 “gari
415 3146 470 3216 vel
489 3143 649 3242 infringi:
679 3146 776 3242 quod
805 3143 901 3219 aliud
923 3142 1125 3235 subsidium,
1155 3146 1177 3216 sr
1194 3142 1261 3221 im·

280 3272 307 3305 “
322 3287 516 3362 peratorem
534 3263 739 3361 sprevissent
750 3267 791 3338 ?'’
817 3268 997 3357 Ceterum,
1022 3287 1061 3338 ut
1078 3264 1154 3365 jam
1169 3262 1262 3363 jam·
1336 3263 1341 3277 '

279 3411 349 3482 que
383 3387 505 3475 iturus,
545 3384 632 3484 legit
650 3403 651 3409 ’
666 3386 825 3478 comites,
869 3385 1078 3485 conquisivit
1111 3383 1262 3482 impedi·

277 3525 410 3595 menta,
437 3506 619 3581 adornavit
646 3533 774 3581 naves:
803 3535 889 3582 mox
915 3509 1084 3600 hiemem,
1114 3523 1173 3579 aut
1201 3528 1262 3578 ne·

279 3626 376 3726 gotia
398 3628 489 3698 varie
513 3625 683 3720 causatus,
710 3629 824 3727 primo
850 3631 1053 3727 prudentes,
1079 3625 1160 3702 dein
1181 3626 1261 3706 vul·

279 3775 380 3857 gum,
405 3747 590 3856 diutissime
608 3749 803 3854 provincias
819 3748 952 3826 fefellit.
