2512 4680
361 372 673 443 Auuncr'unr
707 364 904 442 mvl.
1083 374 1155 469 289

126 514 132 537 ζ
170 550 199 588 “
217 545 323 620 cundi
340 543 451 620 fratris
467 545 702 620 mederetur.'’
753 543 870 618 Etiam
889 544 925 616 in
940 540 1151 640 Pompeiam
1183 638 1185 643 Ι

119 713 122 724 ι
166 666 365 740 Macrinam
383 667 544 741 exfilium
561 665 736 755 statuitur,
762 663 858 765 cujus
875 664 1055 753 maritum,
1081 667 1153 735 Ar-v

167 787 338 884 golicum,
367 787 539 878 socerum,
574 790 773 875 Laconem,
807 810 827 858 e
855 784 1067 882 primoribus
1096 787 1149 856 A·

73 999 79 1010 Ι
165 907 356 997 rhaeorum,
379 906 491 981 Caesar
507 907 702 981 adflixerat.
752 908 854 979 Pater
877 930 1020 1003 quoque
1045 901 1148 975 inlus-

165 1025 226 1099 tris
259 1053 367 1125 eques
400 1032 601 1118 Romanus,
631 1054 671 1101 ac
703 1025 805 1100 stater
832 1026 1025 1124 praetorius,
1060 1006 1150 1097 'cum

167 1147 346 1220 damnatio
363 1147 514 1238 instaret,
540 1146 581 1221 'se
597 1148 658 1246 ipsi
676 1146 901 1222 interfecere:
933 1149 1053 1220 datum
1078 1163 1150 1217 erat

167 1267 320 1359 crimini,
346 1274 373 1310 “
387 1267 484 1366 quod
510 1269 768 1367 Theophanem
794 1267 1043 1363 Mitylenaeum
1068 1290 1149 1363 pro·

171 1395 324 1461 “avum
354 1415 492 1483 eorum,
526 1390 593 1462 Cn.
618 1392 776 1488 Magnus
804 1389 891 1461 inte'r
916 1388 1061 1462 intimos
1090 1387 1151 1459 ha·

170 1516 197 1553 “
217 1509 365 1584 buisset:
409 1511 576 1609 qubdque
614 1510 780 1584 defuneto
814 1508 1042 1607 Theophani,
1081 1532 1169 1580 cae··

168 1635 195 1671 “
214 1629 311 1703 lestes
329 1629 479 1703 honores
495 1633 621 1704 Glaeca
639 1631 795 1705 adulatio
811 1631 1016 1706 tribuerat.''

229 1752 334 1824 XIX.
370 1752 468 1824 Posr
499 1778 586 1850 quos
611 1755 691 1825 ser.
715 1753 863 1843 Marius,
898 1748 1149 1849 Hispaniarum

167 1869 363 1962 ditissimus,
393 1871 546 1945 defertur
571 1872 785 1948 “incestasse
818 1872 967 1962 liliam,''
1000 1877 1033 1946 δι
1067 1869 1150 1943 saxo

167 1990 322 2088 Tarpeio
338 1990 513 2091 dejicitur:
544 2019 585 2068 ac
604 2020 648 2068 ne
663 1995 814 2068 dubium
830 1998 1028 2082 haberetur,
1047 2015 1149 2088 mag·

108 2163 118 2175 ·
167 2111 363 2186 nitudinem
380 2114 537 2211 pecuniae
555 2115 649 2187 malo
668 2115 819 2206 vertisse,
837 2114 1050 2212 aurariasque
1063 2107 1149 2208 eju5,

166 2257 383 2332 quamquam
401 2235 678 2333 publicarentur,
705 2235 839 2308 sibimet
863 2235 1026 2308 Tiberius
1052 2229 1151 2327 sepo·

164 2353 242 2427 suit.
292 2354 524 2452 Inritatusque
542 2354 729 2452 suppliciis,
753 2355 911 2442 cunslos,
941 2352 1003 2450 qui
1015 2337 1151 2424 carcere

166 2473 419 2562 attinebantur,
444 2473 590 2548 accusati
620 2471 787 2549 societatis
815 2498 896 2545 cum
923 2470 1060 2569 Sejano,
1091 2494 1151 2541 ne·

168 2593 240 2666 cari
257 2590 369 2689 jubet.
407 2592 523 2687 Jacuit
542 2594 711 2669 immensa
722 2596 851 2693 strages
869 2621 877 2664 :
902 2589 1150 2680 omnis‘sexus

168 2709 286 2784 omnis
322 2731 428 2785 aetas:
463 2713 635 2807 inlustres,
673 2715 868 2815 ignobiles:
909 2710 1059 2810 dispersi,
1091 2730 1153 2782 aut

168 2822 352 2931 aggerati:
384 2859 499 2930 neque
516 2837 732 2935 propinquis,
758 2857 818 2909 aut
842 2833 964 2907 amicis
981 2831 1159 2919 adsistere„

170 2950 401 3042 inlacrimare,
435 2980 477 3026 ne
507 2955 613 3029 visere
647 2946 791 3055 quidem
821 2955 950 3029 diutiirs
979 2952 1150 3035 dabatur;

168 3070 228 3146 sed
247 3070 460 3169 circumjesli
478 3075 651 3166 custodes,
685 3082 716 3151 Sc
732 3078 767 3149 in
785 3080 971 3149 maerbrem
988 3068 1154 3168 cujusque
1225 3128 1227 3133 ,

169 3192 307 3284 intenti,
335 3219 483 3291 corpora
499 3194 687 3294 putresasla
704 3197 979 3282 adseslabantur,
1006 3193 1094 3264 dum
1117 3191 1154 3272 in

168 3313 332 3388 Tiberim
357 3316 595 3390 traherentur:
625 3317 686 3389 ubi
704 3316 885 3405 fluitantia,
916 3334 974 3387 aut
992 3312 1073 3409 ripis
1090 3312 1152 3385 ad-

168 3433 282 3532 pulsa,
319 3461 391 3507 non
426 3460 580 3509 cremate
609 3436 806 3537 quisquam,
836 3461 906 3508 non
936 3432 1154 3532 contingere.

171 3556 394 3632 Interciderat
423 3554 521 3629 sortis
549 3558 711 3631 humanae
741 3551 995 3631 commercium
1018 3554 1054 3626 vi
1080 3579 1153 3626 me-

171 3680 254 3767 tlrs;
279 3678 525 3776 quantt'rmque
550 3654 679 3753 saevitia
705 3677 873 3779 glisceret,
905 3670 1078 3748 miseratio
1101 3699 1156 3745 ar-

171 3801 328 3875 cebatur.

657 3922 695 3994 U
