2760 4718
237 388 309 461 230
462 349 504 428 C.
544 352 1042 427 ConuerrrTA‘crrr'
1135 359 1138 365 “

238 533 268 570 “
286 523 527 620 conjunffione
547 521 688 596 Caesaris
716 522 845 622 dignus
870 524 1098 597 crederetur:
1128 522 1228 597 hinc‘

237 647 419 719 “initium
434 643 515 743 spei.
566 645 614 716 Et
631 643 797 741 quoniam
808 642 980 718 audiverit
992 643 1212 742 Augustum,

238 775 265 813 “
281 767 317 839 in
333 764 548 840 conlocandi
560 764 644 854 filia,
668 742 826 839 nonnihil
842 765 948 839 etiam
971 766 1017 839 de
1032 763 1213 864 equitibus

236 886 454 961 “Romanis
481 868 745 962 consultaviffer
792 887 840 961 ita
872 892 896 961 fi
924 885 1067 961 maritus
1094 884 1212 959 Liviae

220 992 267 1055 ¹⁶
283 1022 505 1106 quaereretur‚
523 1010 666 1082 haberet
680 1008 717 1080 in
733 1008 850 1083 animo
866 1008 1036 1099 amicum,
1057 1006 1128 1081 solt
1147 1029 1212 1080 ne·

233 1129 486 1238 “certitudinis
515 1127 626 1228 glorid
643 1127 795 1203 usurum.
843 1130 932 1202 Non
961 1128 1058 1201 enim
1085 1147 1213 1201 exuere

231 1258 261 1296 “
278 1250 440 1348 impofita
456 1249 600 1323 muniat·
623 1248 700 1325 satis
717 1250 902 1343 aestimare,
918 1248 1047 1323 firmari
1062 1250 1211 1324 domum

230 1380 259 1423 “
279 1371 467 1445 adversum
496 1369 633 1470 iniquas
660 1372 871 1471 Agrippinae
896 1373 1124 1458 offensrones3
1155 1369 1211 1443 id·

227 1501 262 1538 ·“
280 1518 349 1593 que
374 1492 565 1566 liberorum
594 1495 716 1567 cousi.⁸
756 1496 854 1568 Nam
883 1493 944 1567 srbi
973 1494 1126 1566 multum
1152 1489 1210 1564 su·-

232 1621 262 1659 “
281 1638 415 1712 perque
444 1612 525 1688 vitae
554 1611 640 1706 fore,
667 1615 766 1714 quod
787 1614 848 1690 tali
864 1641 947 1690 cum
960 1613 1123 1711 Principe
1146 1636 1210 1686 exa
1309 1705 1317 1711 ι

231 1734 476 1833 “‘pleviffet.''
988 1798 989 1803 ,
1196 1752 1200 1763 ·

279 1858 364 1930 XL.
390 1856 453 1928 Ar>
485 1877 536 1928 ΕΑ
564 1854 741 1947 Tiberius,
772 1857 910 1931 laudati
935 1856 1063 1956 pietate
1082 1853 1209 1956 Sejani',

230 1975 363 2075 suisque
389 1975 426 2047 in
449 1999 533 2047 eum
548 1976 725 2048 beneficiis
751 1976 892 2050 modice
919 1974 1099 2073 percursu,
1124 1977 1211 2052 citm

110 2114 115 2136 *
228 2098 368 2193 tempus
383 2112 566 2190 tamquam
582 2095 628 2166 ad
656 2094 827 2191 integram
844 2093 1133 2169 consultationem
1144 2112 1207 2191 pe·

110 2204 113 2207 ’
152 2285 155 2293 ,
228 2218 366 2308 minet,
391 2211 562 2312 adjunxit.
598 2213 766 2287 “Ceteris
782 2213 986 2287 mortalibus
1003 2214 1040 2286 in
1055 2239 1099 2286 eo
1115 2213 1208 2288 stare

231 2348 258 2384 “
278 2337 432 2430 consdia,
457 2335 546 2434 quid
574 2328 648 2411 fibi·
668 2335 865 2409 conducere
889 2354 1037 2433 putent:
1066 2331 1202 2408 Princi-

132 2510 134 2521 ·
229 2468 259 2506 “
277 2487 366 2560 pum
398 2455 573 2531 diversam
599 2458 667 2530 effe
692 2455 834 2555 sortem,
866 2455 993 2554 quibus
1032 2453 1207 2553 praecipua

146 2649 150 2655 .
228 2588 259 2626 “
276 2606 394 2654 rerum
410 2580 454 2653 ad
472 2577 605 2653 famam
621 2577 828 2675 dirigenda:
858 2576 940 2651 ideo
971 2574 1006 2650 se
1027 2601 1100 2650 non
1122 2575 1208 2651 illuc

225 2708 257 2756 -“
275 2691 470 2792 decurrere,
503 2700 599 2798 quod
639 2718 846 2798 promptum
883 2696 1074 2796 rescripto:
1111 2700 1208 2797 poffe

226 2822 383 2921 “ipsam
411 2822 554 2897 Liviam
583 2821 743 2911 statuere,
770 2822 979 2896 nubendum
1009 2820 1086 2918 post
1111 2821 1207 2894 Dru·
1327 2864 1329 2866 v

227 2951 256 2989 “
274 2942 363 3034 sum,
391 2969 435 3017 an
453 2943 489 3017 in
507 2943 689 3042 penatibus
704 2940 826 3018 iisdem
852 2933 1076 3016 tolerandum
1100 2943 1208 3016 habe·

225 3073 255 3110 ‘⁶
272 3084 349 3139 ret:
376 3066 444 3138 effe
470 3065 522 3138 illi
537 3086 683 3142 matrem
700 3070 734 3139 δι
767 3065 901 3156 aviam,
924 3054 1096 3163 'propiora
1118 3089 1205 3138 con·

224 3195 254 3232 “
272 3186 366 3262 filia:
397 3186 583 3285 simpliciirs
615 3187 799 3261 acturum:
831 3187 877 3260 de
909 3184 1099 3260 inimicitiis
1132 3182 1205 3282 pri·

222 3314 255 3360 =“
274 3310 376 3383 mirm
404 3307 636 3408 Agrippinae:
678 3333 764 3405 quas
792 3306 899 3406 longe
927 3306 1041 3381 acrids
1064 3304 1206 3397 arsuras,

223 3430 254 3482 -“
271 3430 295 3498 fi
313 3428 579 3503 matrimonium
595 3426 724 3520 Liviae,
743 3430 840 3502 velut
856 3427 893 3502 in
903 3449 1040 3528 parter,
1054 3430 1205 3503 domum

191 3607 194 3622 .
224 3551 252 3590 “
269 3544 443 3623 Caesarurn
457 3548 682 3625 distraxiffet:
708 3553 756 3624 fic
781 3574 924 3650 quoque
948 3575 1128 3649 erumpere
1156 3561 1203 3620 ae·

223 3654 253 3712 “
268 3665 502 3745 mulationem
530 3672 755 3764 feminarum,
794 3675 904 3773 eique
932 3670 1101 3747 discordi&
1132 3689 1200 3739 *ne-

154 3857 156 3859 ,
223 3797 252 3853 t‘
270 3784 471 3890 potes-suos
500 3793 673 3869 convelli:
698 3793 836 3894 quidsi
863 3795 1061 3871 intendatur
1091 3808 1202 3866 certa·
