2512 4680
97 389 166 484 276
330 386 373 460 C.
404 387 684 462 Connanrr
714 342 911 460 Tncsrr

99 560 318 660 propinquus
343 578 402 637 aut
428 587 568 659 parens,
597 561 686 654 vim,
708 579 830 659 raptus,
857 555 1002 656 suaque
1032 558 1107 665 lpfi

100 682 210 772 libita,
235 683 334 754 velut
358 680 393 753 in
409 701 546 778 captos,
574 684 785 755 exercebant.

147 805 191 876 ΙΙ.
219 805 281 874 An
300 805 433 875 Rostra
446 801 621 899 principio
637 803 730 892 anni,
747 802 836 898 quasi
852 798 980 874 recens
1001 825 1103 898 cog·-

100 923 177 997 nitis
195 920 312 996 Liviae
330 919 484 1019 flagitiis,
514 949 553 995 ac
568 949 640 996 non
663 923 792 1021 pridem
809 919 915 993 etiam
935 920 1100 1017 punitis,

100 1067 229 1118 atroces
254 1041 429 1123 sententiae
445 1042 666 1134 dicebantur,
684 1043 719 1116 in
735 1041 863 1140 effigies
880 1065 1032 1139 quoque
1051 1056 1103 1114 ac

100 1163 308 1241 memoriam
332 1162 426 1263 ejus:
456 1169 490 1237 Sc
517 1171 545 1206 “
564 1168 658 1243 bona
674 1162 782 1265 Sejani
806 1163 921 1256 ablata
949 1161 1095 1253 aerario,

101 1294 129 1330 “
154 1305 192 1359 ut
227 1284 263 1358 in
290 1283 410 1361 fiscum
445 1288 691 1382 cogerentur,'’
722 1305 901 1381 tamquam
933 1281 1095 1357 referret.

100 1403 279 1505 Scipiones
308 1408 394 1495 haec,
421 1408 455 1477 &
472 1405 592 1495 Silani,
618 1412 652 1480 &
669 1404 783 1507 Caffii,
811 1403 933 1477 iisdem
960 1403 1115 1494 ferme,-

103 1551 160 1605 aut
180 1530 339 1626 paullum
356 1525 547 1600 immutatis
567 1529 682 1601 verbis
698 1523 954 1600 adseveratione
976 1526 1092 1598 multa
1113 1605 1121 1618 ³

104 1647 287 1726 censebant
303 1649 419 1721 :cum
451 1646 594 1742 repente
623 1646 809 1746 Togonius
834 1647 973 1736 Gallus,
1000 1646 1091 1719 dum

104 1769 358 1869 ignobilitatem
375 1764 471 1839 suam
490 1767 627 1866 magnis
643 1767 844 1841 nominibus
866 1766 996 1859 inserit,
1028 1792 1092 1865 per

41 1899 44 1907 “
102 1886 333 1962 deridiculum
373 1885 521 1957 auditur.
549 1944 552 1954 .
588 1888 686 1960 Nam
721 1886 926 1985 Principem
965 1889 1092 1962 orabat

103 2002 299 2096 “deligere
318 2002 500 2089 senatores,
537 2026 581 2072 ex
611 2006 690 2099 quis
708 2005 834 2102 viginti
863 2008 953 2081 sorte
973 2007 1093 2098 duffi,

101 2132 128 2168 “
147 2127 180 2195 ὅτ
198 2119 286 2193 serro
310 2118 467 2207 accindi,
486 2119 653 2214 quotiens
675 2122 811 2194 curiam
837 2124 966 2214 inisset,
998 2125 1095 2200 salu·

110 2251 137 2287 “
163 2261 237 2321 tem
277 2237 351 2337 ejus
370 2293 371 2297 =
392 2236 618 2311 defenderent
632 2240 669 2312 :”
699 2238 893 2322 crediderat
918 2242 1098 2320 nimitum

103 2364 270 2464 epistolae,
304 2366 332 2404 “
350 2357 499 2433 subfidio
532 2359 764 2436 ablaturum
792 2385 838 2433 ex
860 2359 1094 2438 consulibus'’

105 2483 286 2587 poscentis,
316 2489 399 2555 “ut
426 2502 521 2555 tutos
550 2507 571 2554 a
594 2481 737 2580 Capreis
753 2483 896 2556 Urbem
918 2486 1098 2580 peteret.”

102 2604 265 2684 Tiberius
300 2621 438 2677 tamen·
458 2601 608 2681 ludibria
643 2601 735 2676 seriis
771 2602 977 2700 permiscere
1009 2603 1093 2678 soli·
1141 2664 1147 2674 ,

103 2750 171 2818 tus,
197 2725 269 2826 egit
292 2743 403 2824 grates
421 2723 672 2798 benevolentiae
695 2742 852 2821 patrum:
883 2731 911 2773 “
928 2721 987 2797 sed
1001 2751 1095 2823 quos

103 2846 264 2923 “omitti
293 2847 405 2947 posse?
439 2870 527 2943 quos
551 2843 685 2942 deligi?
712 2841 893 2942 semperne
922 2842 1089 2919 eosdem?

100 2978 135 3049 ,“
154 2995 199 3042 an
223 2965 367 3041 subinde
384 2966 494 3040 alios?
526 2969 560 3039 δι
584 2964 776 3044 honoribus
804 2966 1024 3064 perfundes,
1048 2993 1096 3043 an

107 3099 134 3134 “
146 3087 319 3187 juvenes?
349 3086 518 3185 privatos,
547 3111 627 3160 ane
645 3084 936 3183 magistratibus?
972 3090 1095 3187 Quam

106 3220 134 3254 “
150 3211 280 3285 deinde
296 3208 446 3307 speciem
464 3205 551 3296 sore,
565 3205 777 3303 sumeptium
794 3206 830 3280 in
848 3207 969 3282 limine
985 3207 1093 3282 curiae

103 3338 132 3374 “
152 3333 305 3428 gladios?
325 3354 440 3427 neque
457 3327 518 3401 fibi
535 3326 642 3400 vitam
658 3324 759 3415 tanti,
784 3329 808 3406 sr
823 3328 928 3403 armis
940 3327 1094 3429 tegenda
1139 3371 1142 3376 -

104 3451 133 3491 “
152 3449 277 3525 forer.''
327 3454 418 3527 Haec
436 3449 599 3523 adversm
615 3446 842 3543 Togonium,
874 3444 990 3525 verbis
1014 3473 1094 3520 mo-

101 3568 250 3660 derans;
286 3596 399 3670 neque
432 3573 523 3659 ultra
553 3564 778 3644 abolitionem
807 3568 984 3647 sententia
1013 3564 1092 3650 sua,

103 3685 194 3760 dere.
