2834 4732
374 340 680 409 Auximon
713 334 904 406 L1s.11.
1004 312 1014 322 ”
1075 355 1141 432 ¹23

170 512 338 613 persuasio
363 508 488 583 veneni
504 535 526 582 a
540 506 663 582 Pisone
678 505 833 603 accepti:
866 509 899 576 &
928 502 1143 602 reperieban-
1172 490 1179 511 ⁵

168 656 227 709 tur
242 635 313 709 solo
343 657 383 705 ac
412 629 599 728 parietibus
627 648 733 703 eruta
758 629 997 699 humanorum
1024 619 1145 721 corpo

89 804 92 807 -
125 825 129 841 ,
168 753 433 852 rum-reliquia,
455 750 623 839 carmina,
650 754 683 822 δι
711 747 927 835 devotiones,
952 748 985 837 ἃ
1014 769 1146 817 nomen

168 874 367 949 Germanici
384 871 559 970 plumbeis
590 868 717 943 tabulis
743 865 967 963 insculptum,
996 863 1144 939 semiusti

168 1001 313 1085 eineres,
337 1020 376 1068 ac
389 995 468 1066 tabe
480 990 594 1080 obliti,
617 989 753 1086 aliaque
775 986 960 1074 maleficia,
976 988 1055 1083 quis
1065 975 1144 1059 'cre-

169 1116 265 1189 ditur
292 1114 424 1188 animas
452 1110 654 1185 numinibus
688 1106 828 1182 infernis
865 1104 1008 1179 sacrari:
1045 1106 1145 1178 fimul

169 1236 256 1310 misfi
272 1263 293 1309 a
308 1230 432 1311 Pisone
448 1230 702 1320 incusabantur,
726 1248 765 1300 ut
787 1224 995 1301 valetudinis
1006 1225 1148 1301 adversa

170 1355 346 1427 rimantes.

135 1546 138 1549 ,
220 1476 341 1548 LXX.
370 1474 429 1546 EA
451 1470 807 1546 Gnunnurcohaud
822 1468 1009 1558 minbsiral,
1034 1467 1144 1564 quiam

172 1621 234 1693 per
263 1615 397 1668 metum
426 1613 590 1690 accepta3
619 1596 683 1665 “fi
719 1590 827 1663 limen
866 1590 1088 1678 obsideretur,
1121 1591 1144 1660 si

174 1692 449 1788 “effundendus
470 1711 607 1810 spiritus
629 1711 690 1785 sub
713 1710 824 1785 oeulis
850 1709 1069 1783 inimicorum
1090 1703 1144 1781 fo-

173 1842 201 1878 “
220 1855 296 1922 ret;
321 1834 406 1932 quid
432 1833 559 1906 deinde
582 1831 778 1906 miserrimae
797 1828 951 1928 conjugi,
978 1830 1066 1929 quid
1092 1830 1145 1903 in·

172 1960 200 1998 “
216 1954 368 2029 fantibus
385 1953 499 2027 liberis
513 1974 721 2026 eventurum
738 1957 750 2026 ?
781 1954 873 2025 lenta
897 1951 1008 2025 videri
1039 1977 1145 2026 vene·

171 2083 199 2119 “
216 2077 320 2151 ficia:
350 2075 567 2149 festinare&
596 2100 732 2173 urgere,
762 2092 801 2146 ut
837 2071 1068 2171 provinciam,
1109 2092 1148 2147 ut
1207 2062 1210 2066 ’

171 2198 370 2298 “legiones
389 2196 482 2269 solus
504 2198 654 2269 habeat:
695 2192 752 2267 sed
778 2221 850 2267 non
871 2192 979 2291 usque
1011 2194 1054 2268 eo
1085 2197 1145 2269 de·

170 2324 198 2360 “
215 2316 346 2392 fectum
362 2316 628 2405 Germanicum,
647 2334 761 2412 neque
775 2316 915 2413 praemia
932 2314 1036 2388 cadis
1052 2317 1147 2411 apud

170 2435 469 2512 “interfectorem
506 2435 665 2510 mansura
679 2438 715 2508 :’'
756 2435 937 2534 componit
970 2433 1147 2532 epistolas,

171 2544 199 2601 'u
219 2560 298 2656 quis
314 2556 504 2630 amicitiam
533 2555 565 2628 ei
592 2556 848 2631 renuntiabat.’'
899 2557 1048 2631 Addunt
1074 2557 1146 2652 ple·

173 2677 318 2774 “rique
347 2675 480 2775 jussum
510 2678 688 2775 provincial
716 2679 885 2753 decedere
902 2681 938 2751 :''
972 2702 1036 2750 nee
1069 2674 1148 2747 Piso

172 2819 322 2871 moratus
362 2799 465 2888 ultra,
500 2823 606 2873 naves
646 2798 773 2885 solvit3
832 2800 1148 2892 moderabaturque

172 2915 296 3007 cursui,
334 2917 406 3015 qud
429 2918 570 3015 propius
593 2921 847 3017 regrederetur,
895 2922 917 2991 si
943 2942 1035 2990 mors
1059 2918 1148 2989 Ger-

171 3036 301 3110 manici
325 3036 458 3131 Syriam
482 3037 674 3134 aperuisset.

231 3159 369 3231 LXXI.
416 3156 560 3231 Casan
591 3158 776 3255 paullisper
799 3162 846 3233 ad
878 3158 974 3258 spem
1002 3161 1147 3249 ereetus,

170 3277 253 3350 dein
281 3276 366 3350 feffo
398 3303 558 3374 corpore,
588 3279 650 3353 ubi
678 3280 757 3353 finis
787 3282 916 3370 aderat,
955 3277 1149 3352 adsistentes

169 3397 302 3472 amicos
329 3397 366 3471 in
393 3399 486 3473 hunc
514 3401 663 3473 modurn
696 3400 922 3499 adloquitur:
960 3398 1045 3471 “Si
1077 3397 1149 3472 fato

170 3526 199 3563 “
217 3520 462 3610 concederem,
490 3517 605 3618 justus
622 3520 708 3595 mihi
732 3522 833 3593 dolor
855 3518 959 3594 etiam
985 3521 1149 3595 adversus

171 3645 199 3682 “
217 3642 302 3714 deos
320 3642 415 3730 effet,
437 3639 536 3738 qudd
549 3665 607 3712 me
619 3641 828 3737 parentibus,
857 3639 986 3730 liberis,
1016 3642 1147 3740 patria,

171 3766 200 3804 ‘⁶
217 3760 307 3836 intra
311 3758 496 3862 juventam
510 3778 719 3860 praematuro
735 3760 830 3835 exitu
848 3781 1030 3860 raperent:
1054 3787 1149 3841 nunc
