2738 4710
1078 316 1151 394 xvii

126 485 351 567 hilonrinus
379 484 561 562 utilillima
588 481 667 576 est,'
684 485 779 584 quod
807 485 989 581 complura
1021 488 1147 563 veteris
1244 492 1245 495 ’

128 612 336 710 scripturae
377 609 415 682 in
449 604 699 685 recentioribus
727 604 937 681 editionibus
966 633 1161 707 perperam.

132 732 352 807 immutatae
372 728 523 829 vestigia
540 726 692 801 retineat.
711 734 733 779 θ

195 850 411 928 Franciscus
427 852 711 939 Pornonnuus,
735 848 940 940 Parmensis,
967 850 1146 926 literarum

140 973 392 1073 peritissimus,
421 973 568 1045 alteram
586 969 773 1044 editionem
790 981 820 1061 ¹,
844 969 914 1044 viti
932 965 1016 1067 Julii
1035 974 1142 1073 Agri·

143 1097 245 1169 colae
267 1094 421 1183 audam,
447 1089 646 1177 Mediolani
676 1091 879 1189 publicavit.
922 1091 1143 1169 'Nitidiorem

149 1213 434 1313 politioremque
455 1211 621 1285 Tacitum
639 1209 734 1302 fecit,
763 1231 839 1284 tum
867 1211 947 1304 suis,
975 1234 1052 1288 turn
1078 1219 1143 1289 Be:

147 1333 289 1421 rardini
306 1333 473 1421 lanterii,
500 1331 817 1406 Mediolanenfium
834 1352 934 1406 aetate
949 1332 1007 1407 sui
1025 1335 1142 1408 erudi-

153 1452 294 1544 tillinri,
321 1450 526 1546 conjedluris
543 1451 680 1525 dubius.
730 1451 823 1526 Usus
839 1450 889 1527 est
907 1476 1049 1552 quoque
1072 1455 1143 1542 Mt.

160 1574 484 1648 codiceGenuenfi.
517 1572 678 1647 Tacitum
690 1592 807 1647 autem
826 1598 931 1646 nemo
945 1574 1068 1648 metius
1080 1601 1143 1649 no·

149 1692 233 1783 -vit,
247 1690 359 1764 veritis
371 1694 536 1789 expressit.
570 1691 656 1790 Ejus
665 1693 854 1793 judicium,
869 1694 992 1786 cuivis,
1006 1697 1054 1768 ob
1064 1695 1145 1770 libri

159 1813 352 1902 raritatem,
378 1838 454 1899 non,
475 1812 523 1886 ita
538 1816 698 1905 obvium,
727 1817 822 1888 silere
845 1814 952 1889 nefas.
1003 1819 1143 1906 Omnem,

159 1932 292 2032 inquit,
318 1935 451 2040 lrtstort'ae
472 1937 568 2032 legem
587 1936 735 2010 absolvit
750 1931 895 2011 Tacitus
914 1990 1037 2011 .....
1063 1940 1146 2017 nihil

39 2146 43 2157 K
144 2058 235 2153 fass
258 2056 369 2143 dicere,
397 2058 479 2127 nihil
500 2062 573 2129 veri
602 2062 742 2130 omittere
772 2084 812 2128 au
826 2084 872 2129 us.
923 2058 963 2129 ln
975 2061 1141 2153 scribendo

154 2180 239 2250 enim
255 2203 293 2248 ne
295 2178 459 2273 stgspemtu
474 2179 595 2274 quidem
621 2203 763 2277 umquam
774 2180 849 2272 suit
863 2191 919 2252 aut
930 2184 1058 2301 gratiae,
1083 2195 1141 2253 aut

145 2301 310 2395 stmultati
320 2301 444 2397 aliquid
458 2302 558 2372 tribui
577 2327 605 2372 e.
655 2300 775 2374 Rerum
800 2304 958 2388 rationem,
986 2302 1048 2396 quei
1072 2303 1143 2378 ordo
1256 2354 1281 2367 ,.

157 2435 339 2520 temporum,
363 2424 517 2520 regrbnrtm
545 2422 708 2520 descriptio
732 2424 879 2519 exigitur,
912 2446 994 2494 nemo
1018 2421 1143 2516 histori-

154 2724 158 2729 ,
206 2667 217 2696 ¹
238 2662 315 2724 Huic
340 2684 448 2745 quoque
465 2665 583 2726 editioni
605 2666 679 2726 nulla
691 2666 727 2724 ell
740 2660 943 2744 adjundaloci,
962 2666 1040 2734 anni,
1059 2679 1139 2742 typo·

110 2763 113 2770 ’
159 2763 260 2843 graphi
275 2780 350 2827 nota.
382 2767 451 2826 Eam
465 2782 555 2827 tamen
569 2767 724 2826 Mediolani
739 2766 866 2846 prodiisse
878 2766 952 2824 hand
964 2763 1080 2822 dubium
1091 2765 1141 2836 est,

163 2865 231 2922 cirin
243 2881 333 2925 cetera
345 2867 486 2927 Puteolani
500 2888 583 2947 opera
595 2867 626 2928 in
638 2866 690 2928 hac
705 2868 771 2928 urbe
784 2866 882 2928 excusa
891 2867 954 2933 lint,
973 2863 1003 2922 in
1013 2860 1066 2942 quai
1079 2884 1141 2923 ora·

162 2962 269 3022 toriarn
286 2983 370 3023 artem
384 2968 483 3046 magni
495 2989 558 3027 cum
570 2969 649 3027 laude
662 2968 850 3046 profitebatur.
883 2964 1046 3024 Puteolanus
1059 2963 1140 3024 addi-

163 3063 210 3123 dit
230 3061 327 3122 Vitam
344 3063 414 3138 Julii
440 3066 578 3144 Agricolae
588 3091 597 3138 ;
615 3066 763 3143 Annalium
784 3071 936 3147 quoque&
956 3065 1140 3129 Historiarum

161 3165 251 3225 libros
261 3184 296 3223 ex
314 3163 369 3224 Mt.
384 3163 481 3225 codice
495 3165 631 3228 Genuenli
648 3168 798 3229 recensuit:
819 3167 892 3228 unde
910 3167 1044 3227 summum
1057 3167 1141 3227 debet
1184 3158 1185 3162 ¹

162 3266 214 3324 etl'e
238 3265 310 3346 apud
332 3264 477 3326 literarum
499 3284 632 3328 amatores
655 3270 735 3348 hujus
755 3269 889 3329 editionis
910 3267 1041 3347 pretium,
1067 3288 1151 3345 quarn

161 3365 251 3426 miror
262 3367 396 3429 librorum
411 3368 548 3429 rariorum
562 3367 771 3449 indagatoribus
784 3368 864 3428 fuisse
875 3356 1056 3447 incognitam.
1086 3367 1142 3426 Ex-

159 3468 210 3527 stat
222 3467 327 3529 Pnifiis
339 3468 369 3541 in
382 3468 559 3530 Bibliotheca
567 3467 670 3529 'taneta
682 3469 850 3531 Genovefae:
872 3487 944 3536 eam,
965 3485 1016 3544 pro
1033 3467 1078 3526 sui
1091 3468 1143 3527 hu·

159 3566 304 3640 maritate,
323 3569 440 3633 literaria
453 3569 587 3630 omnibus
605 3567 673 3628 vitis
690 3566 849 3649 compertis
861 3585 968 3626 mecum
988 3566 1143 3624 communi-

157 3668 234 3728 carit
254 3668 574 3741 ct.Mnc1n,huic
596 3667 775 3731 Bibliotheca
792 3665 939 3747 praefeiiua.
979 3664 1085 3725 Recusa
1106 3666 1142 3727 est

78 3774 80 3776 ’
162 3767 618 3860 Veneriisantrist497&r5rz.
