2796 4724
241 401 243 407 -
349 352 922 426 Auunnruqur.lV.·
1045 380 1115 455 203

143 537 229 609 dine
249 531 361 606 nostrl
379 548 612 630 proteguntur
635 529 821 603 adversum
843 548 985 601 externa
1006 530 1119 630 impe·

142 656 204 729 ria.
257 655 303 726 Et
332 651 522 725 Thraciam
549 652 827 740 Rhoemetalces,
857 675 897 722 ac
926 648 1024 723 liberi
1049 653 1119 727 Co-

140 777 207 872 tyis
220 804 232 861 3
259 773 443 872 ripamque
469 770 639 860 Danubii,
665 769 846 871 legionum
868 771 947 843 duae
965 770 1001 845 in
1028 773 1139 846 Pan-¹

141 895 260 987 nonia,
287 896 367 967 duae
385 893 423 965 in
452 895 580 966 Moesra
607 891 826 965 attinebant:
855 890 1004 965 totidem
1026 895 1121 992 apud

141 1015 357 1092 Dalmatiam
384 1012 519 1102 locatis,
539 1030 626 1110 'quae
657 1015 768 1110 posrtu
795 1011 948 1110 regionis
977 1040 997 1086 a
1019 1033 1121 1114 tergo

142 1139 223 1228 illis,
238 1163 305 1226 ac,
334 1138 356 1208 fi
386 1133 606 1231 repentinum
636 1133 806 1208 auxilium
837 1132 935 1206 ltalia
953 1134 1121 1231 posceret,

142 1259 238 1332 haud
273 1258 397 1354 procul
432 1254 635 1328 accirentur.
703 1258 931 1351 Qramquam
965 1254 1123 1333 insideret

145 1380 287 1452 Urbem
305 1375 467 1472 proprius
484 1374 597 1463 miles,
611 1369 680 1447 tres
696 1376 867 1462 Urbanae,
887 1358 1015 1448 novem
1032 1403 1121 1473 prae·

143 1497 240 1574 toriae
271 1498 445 1587 cohortes,
474 1495 610 1568 Etruria
638 1494 746 1568 ferme
764 1493 986 1595 Umbriaque
1009 1498 1123 1571 delec-

144 1632 206 1708 ta,
232 1639 292 1691 aut
314 1639 431 1691 vetere
446 1617 565 1705 Latio,
593 1621 626 1689 dt
657 1614 802 1690 coloniis
831 1616 1021 1715 antiquitus
1045 1622 1122 1691 Ro·

144 1739 269 1812 manis.
319 1743 371 1812 At
399 1739 495 1837 apud
513 1738 640 1811 idonea
668 1735 923 1833 provinciarum
950 1735 1050 1812 sociae
1065 1738 1125 1812 tri·
1168 1784 1172 1794 ·

144 1886 271 1950 remes,
290 1861 437 1957 alteque,
461 1863 496 1932 δι
513 1858 642 1931 auxilia
658 1856 873 1967 cohortium:
902 1862 1124 1958 nequemul-

144 1978 184 2051 td
205 1979 300 2053 secus
319 1980 353 2052 in
371 1980 410 2052 iis
428 1979 557 2054 virium
574 2007 583 2050 ε
610 1977 669 2051 sed
686 1977 842 2076 persequi
864 1978 1035 2054 incertum
1050 1978 1124 2055 fue-

145 2100 206 2189 rit,
233 2101 316 2174 cum
333 2126 378 2173 ex
397 2098 641 2196 usu‘temporis
663 2100 733 2172 huc
751 2099 833 2173 illuc
852 2122 1019 2191 mearent,
1045 2099 1125 2200 glis·

145 2242 263 2302 terent
285 2246 445 2320 numero,
474 2221 717 2319 &aliquando
741 2221 991 2295 minuerentur.

191 2345 255 2416 Vl.
280 2343 526 2416 Cononuaus
558 2342 765 2415 crediderim
794 2341 964 2416 recensere
997 2363 1125 2416 ceteras
1208 2336 1211 2351 ⁴

145 2486 288 2562 quoque
315 2461 515 2559 reipublicae
546 2482 673 2559 partes,
700 2463 826 2561 quibus
845 2462 961 2537 modis
977 2464 1021 2535 ad
1049 2464 1138 2538 eam

147 2585 246 2655 diem
263 2580 391 2654 habitae
422 2585 509 2667 srnt3
537 2585 679 2680 quando
702 2582 847 2657 Tiberio
863 2584 999 2658 mut-ati-
1013 2583 1049 2656 in
1065 2584 1127 2657 de·

147 2702 254 2775 terius
280 2693 495 2800 lirincipattls
511 2702 650 2777 initium
666 2704 725 2779 ille
742 2731 853 2802 annus
870 2705 995 2778 attulit.
1045 2708 1128 2802 Jam

148 2821 301 2922 primum
319 2823 462 2921 publica
478 2825 633 2924 negotia,
660 2831 694 2899 δι
713 2825 931 2922 privatorum
958 2826 1127 2917 maxima,

147 2944 244 3041 apud
261 2964 372 3042 patres
396 2948 657 3019 tradabantur:
685 2948 900 3047 dabaturque
920 2947 1129 3045 primoribus

148 3062 328 3148 differere3
356 3068 389 3136 ὅτ
407 3064 443 3136 in
459 3066 694 3140 adulationem
712 3067 836 3165 lapsos,
863 3068 1048 3144 cohibebat
1075 3069 1129 3167 ip·

148 3181 194 3269 se.
244 3184 512 3284 Mandabatque
527 3189 692 3278 honores,
707 3172 924 3264 nobilitatem
941 3188 1128 3286 majorum,

149 3302 394 3377 claritudinem
410 3305 559 3399 militia,
583 3309 739 3383 inlustres
756 3311 856 3384 domi
870 3330 958 3384 artes
974 3309 1128 3408 spetian-

146 3425 197 3497 do
209 3452 221 3511 ;
247 3442 287 3496 ut
313 3422 391 3498 satis
417 3430 598 3522 constaret,
626 3457 698 3505 non
728 3431 812 3505 alios
842 3431 991 3529 potiores
1019 3425 1126 3515 fuiffe,

148 3546 218 3618 Sua
236 3540 448 3640 consulibus,
475 3546 534 3623 sua
551 3551 754 3647 praetoribus
770 3550 920 3650 speeies:
950 3552 1129 3643 minorum

150 3691 294 3766 quoque
311 3667 575 3767 magistratuum
596 3672 743 3746 exercita
760 3673 925 3770 potestas3
953 3674 1127 3775 legesque,

150 3789 173 3881 ᾗ
191 3786 370 3890 majestatis
386 3789 532 3895 quaestio
549 3791 768 3886 eximeretur,
787 3796 883 3885 bono
900 3795 935 3870 in
953 3795 1025 3871 usu.
1078 3800 1129 3883 At
