2760 4718
145 387 153 402 κ
260 362 333 431 244
479 337 1069 413 cconmnrrcrrr

261 519 289 555 “
308 519 341 587 δι
359 511 429 610 ipse
446 503 562 609 stirpe,
578 516 645 586 five
661 539 733 586 una
746 516 975 601 Amazonum
991 509 1245 606 condidisset,'’

259 621 494 707 transcenddre
511 634 556 707 ad
574 659 628 723 ea,
650 635 733 731 quis
755 630 909 706 maxim&
935 634 1088 706 lidebant
1110 633 1147 707 in
1172 663 1245 733 po-

260 755 384 850 pulum
402 758 608 827 Romanum
628 753 765 843 officiis,
784 750 882 852 missal
898 754 1012 837 navali
1029 754 1143 851 copia,
1165 782 1244 830 non

259 872 368 946 modo
393 894 535 946 externa
558 876 601 946 ad
626 874 731 964 bella,
748 872 805 946 sed
830 900 908 971 quae
926 873 963 946 in
986 858 1084 948 ltalia
1108 877 1245 948 tolera-

258 996 407 1073 bantur:
448 1002 475 1037 “
493 993 596 1093 seque
622 993 752 1092 primos
783 980 957 1090 templum
983 995 1086 1085 urbis,
1108 999 1244 1069 Romae

261 1121 289 1156 “
307 1115 472 1205 statuisse,
502 1118 559 1188 M.
586 1114 710 1187 Porcio
741 1112 899 1200 consule;
927 1114 1064 1213 magnis
1095 1114 1246 1212 quidem

261 1234 375 1333 “jam
402 1234 558 1310 Romani
582 1234 705 1332 populi
721 1237 841 1321 rebus3
867 1236 1027 1309 nondum
1052 1255 1169 1309 tamen
1197 1239 1246 1311 ad

258 1362 286 1399 “
305 1354 497 1430 summum‘
513 1357 624 1445 elatis,
653 1355 761 1429 stante
789 1357 904 1429 adhuc
927 1357 1058 1430 Punicas
1079 1359 1178 1449 urbe,
1207 1362 1246 1432 δι

261 1477 431 1550 “validis
457 1504 518 1575 per
549 1480 666 1580 Asiam
691 1476 868 1575 regibus.”
911 1476 1022 1550 Simul
1051 1485 1079 1519 “
1093 1481 1138 1551 L.
1163 1481 1244 1552 Sul·

258 1580 291 1639 ¹“
308 1598 378 1670 lam
389 1598 540 1671 ‘testem'’
561 1596 774 1689 adserebant,
807 1605 833 1640 “
853 1597 1053 1698 gravissimo
1070 1597 1105 1671 in
1122 1597 1243 1673 discri-

261 1718 402 1791 “mine
424 1717 600 1792 exercitlls
625 1722 673 1794 ob
696 1717 912 1816 asperitatem
943 1719 1082 1810 hiemis,
1116 1725 1150 1792 δι
1179 1746 1243 1817 pe·

258 1845 287 1919 ‚“
306 1822 443 1912 nuriam
466 1839 581 1930 vestis,
606 1841 687 1913 clun
710 1838 748 1911 id
767 1843 953 1936 Smyrnam
975 1839 1011 1912 in
1032 1842 1244 1919 concionem

261 1968 288 2023 ‘f
307 1961 502 2034 nuntiatum
535 1958 635 2048 soret,
675 1985 812 2047 omnes,
851 1960 912 2055 qui
947 1961 1142 2052 adstabant,
1178 1965 1244 2036 de-

261 2088 288 2123 “
307 2081 440 2154 traxisse
466 2079 602 2174 corpori
626 2077 794 2175 tegmina,
825 2076 1025 2174 nostrisque·
1041 2080 1244 2177 legionibus

261 2207 288 2242 “
307 2201 479 2275 misisse.’'.
523 2200 577 2272 lta
605 2197 714 2296 rogati
738 2195 937 2270 sententiam
961 2217 1086 2293 patres,
1117 2202 1240 2295 Smyr-

260 2350 355 2397 naeos
369 2347 371 2354 ’
384 2322 565 2420 pratulbre
582 2349 590 2393 ι
623 2316 823 2417 censuitque
839 2318 962 2391 Vibius
976 2318 1125 2410 Marsus,
1141 2327 1180 2366 ·“
1200 2342 1242 2395 ut

120 2479 123 2484 ·
225 2494 227 2497 v
261 2453 288 2489 “
307 2446 364 2518 M.
383 2443 539 2541 Lepido,
565 2440 621 2515 cui
647 2467 686 2514 ea
705 2438 884 2538 provincia
910 2441 1111 2531 obvenerat,
1141 2441 1242 2540 super
1285 2526 1287 2529 ¹

263 2574 290 2611 “
310 2588 497 2637 numerum
532 2564 718 2661 legaretur,
750 2561 811 2659 qui
839 2560 963 2658 templi
992 2587 1112 2635 curam
1140 2561 1243 2637 susci-

195 2728 196 2731 *
261 2695 288 2732 “
309 2705 405 2783 peret
420 2687 454 2757 :”
486 2681 621 2779 &quia
644 2665 802 2778 Lepidus
819 2679 888 2779 ipse
904 2682 1056 2779 deligere
1080 2709 1142 2780 per
1166 2710 1245 2758 mo·

259 2806 403 2882 destiam
443 2805 629 2892 abnuebat,
671 2800 827 2874 Valerius
859 2800 967 2895 Naso,
1008 2828 1027 2877 e
1059 2806 1245 2904 pretoriis,

250 2924 349 3001 ‘sorte
367 2924 485 2998 missus
502 2923 562 2996 est.

251 3026 252 3029 Ἴ
307 3046 423 3122 LVll.
449 3045 574 3117 luraa
604 3069 698 3141 quae,
729 3044 791 3117 diu
821 3046 1000 3137 meditato,
1037 3048 1245 3147 prolatoque

259 3168 383 3266 saepius
422 3164 576 3253 confili0,
614 3165 757 3238 tandem
786 3165 900 3239 Caesar
928 3168 975 3239 iit‘
993 3169 1243 3265 Campaniam,

258 3289 371 3384 specie
388 3285 571 3361 dedicandi
590 3285 720 3380 templa
733 3286 828 3380 apud
844 3285 1003 3383 Capuam
1027 3289 1125 3382 Jovi,
1150 3292 1246 3387 apud

206 3437 208 3440 ¹
259 3408 393 3481 Nolam
417 3407 592 3504 Augusto,
618 3402 675 3478 sed
698 3425 809 3478 certus
832 3408 956 3503 procul
977 3408 1080 3481 Urbe
1107 3410 1246 3507 degere.

258 3526 405 3599 Causam
443 3524 624 3615 abscessbs,
660 3524 1039 3624 quamquamsecutus
1075 3525 1245 3626 plurimos

216 3708 218 3714 s
260 3646 442 3721 aussorum
460 3649 504 3718 ad
521 3643 632 3744 Sejani
650 3667 739 3719 artes
754 3646 866 3738 retuli,
894 3646 977 3743 quia
999 3668 1129 3737 tamen,
1147 3648 1247 3722 caede

261 3765 333 3868 ejus
363 3769 505 3863 patrata,
531 3768 589 3839 sex
617 3767 734 3865 postea
761 3794 871 3842 annos
900 3767 972 3868 pari
1003 3768 1129 3840 secreto
1157 3775 1243 3842 co'n-
1295 3781 1299 3789 ‘
