2760 4718
360 350 658 428 Anun'aruu
700 352 811 437 Lrn.
852 351 916 425 vt.
1057 375 1128 450 299
1183 440 1190 451 „

107 529 178 614 f“
193 523 359 621 Princeps
386 543 576 598 ceterarum
603 523 720 601 rerum
742 520 923 621 potiretur,
954 519 1025 618 ipse
1049 516 1132 619 pro·
1158 501 1161 508 ¹

27 633 32 640 ’
149 653 178 691 “
198 643 352 719 vinciam
368 644 566 724 retineret.”
615 647 708 720 Haec
728 641 816 723 mira
831 666 1065 739 quamquam,
1088 644 1131 716 si·

146 767 230 841 dein
245 792 290 839 ex
314 791 357 839 eo
380 767 576 855 trahebant,
611 764 710 863 qubd
740 787 831 836 unus
853 761 1014 835 omnium
1039 759 1132 860 Seja-

146 887 184 960 ni
203 886 380 961 adfinium
411 885 611 976 incolumis,
647 886 826 981 multique
852 881 962 981 gratia
986 886 1131 957 mansit:

145 1026 326 1105 reputante
339 1006 485 1081 Tiberio
503 1006 686 1104 publicum
704 1004 765 1079 fibi
781 1002 919 1093 odium,
937 1024 1133 1077 extremam

144 1147 300 1218 aetatem,
339 1124 520 1225 magisque
562 1125 668 1216 fama,
711 1125 821 1224 quam
860 1123 911 1216 vi,
953 1123 1041 1198 stare
1081 1149 1132 1198 res
1228 1125 1253 1218 j

145 1245 233 1323 suas.
576 1316 577 1320 ,

195 1368 338 1443 ΧΧΧΙ.
373 1367 416 1440 C.
448 1368 612 1458 Cnsrto,
650 1369 708 1463 Μ.
741 1364 886 1441 Servilio
916 1364 1130 1458 consulibus,

21 1499 23 1510 '
99 1473 103 1477 .
145 1487 283 1563 nobiles
298 1487 418 1564 Parthi
436 1488 474 1562 in
497 1490 638 1563 Urbem
655 1490 796 1578 venere,
826 1488 949 1587 ignaro
965 1512 1045 1586 rege
1062 1492 1131 1562 Ar.

121 1610 300 1683 ‘rabano‘
359 1611 393 1684 Is
435 1628 533 1687 metu
566 1609 770 1683 Germanici
812 1611 903 1685 fidus
944 1608 1158 1699 Romanis,¹

145 1729 328 1827 aequabilis
353 1729 391 1810 in
410 1729 488 1805 suos
496 1761 507 1818 3
549 1747 639 1805 mox
654 1729 850 1827 superbiam
876 1729 912 1802 in
931 1755 1008 1819 nos,
1032 1727 1130 1807 saevi-

146 1850 234 1927 tiam
257 1852 292 1926 in
318 1853 503 1951 populares
520 1851 686 1951 sumpfit3
713 1850 821 1926 fretus
844 1850 957 1941 bellis,
987 1876 1065 1948 quae
1082 1847 1135 1924 sess

146 1974 263 2053 cunda
283 1974 469 2053 adversirm
491 1972 726 2075 circumjedias
750 1971 903 2047 nationes
917 1992 1132 2062 exercuerat,

141 2077 416 2170 &seneclutem
451 2095 600 2188 Tiberii,
634 2115 673 2171 ut
705 2095 892 2185 inermem,
926 2092 1133 2194 despiciens,
1228 2096 1233 2107 ’

144 2214 336 2318 avidusque
353 2217 546 2308 Armeniae,
575 2217 647 2307 cui,
673 2217 840 2291 desunsio
862 2241 944 2313 rege
972 2215 1133 2302 Artaxi2i3

143 2335 312 2425 Arsacen,
327 2338 519 2411 liberorum
535 2337 676 2409 suorum
694 2335 934 2423 veterrimum,
953 2331 1131 2431 imposuit,

144 2453 263 2531 addita
279 2453 505 2542 contumelia,
537 2456 571 2525 δι
589 2452 707 2542 missis,
732 2453 792 2551 qui
812 2461 838 2495 “
858 2477 999 2550 gazam,
1023 2454 1132 2524 aVo-
1181 2517 1185 2522 .

147 2580 175 2622 “
192 2597 287 2649 none
302 2573 457 2650 relictam
474 2571 511 2648 in
528 2571 622 2670 Syria
639 2572 875 2672 Cilicidquc,’'
898 2571 1131 2671 reposcerent,

146 2694 246 2768 fimul
275 2699 453 2771 “veteres
474 2691 656 2769 Persarum
679 2720 720 2768 ac
744 2694 989 2775 Macedonum
1016 2693 1133 2768 termi-

51 2810 54 2823 ’
147 2822 174 2863 “
193 2840 283 2889 nos:
320 2811 423 2912 seque
454 2812 652 2894 invasurum
677 2816 820 2914 possessa
846 2815 956 2912 Cyro,
995 2820 1027 2890 &
1056 2814 1134 2912 post
1247 2907 1249 2922 Ι

146 2942 176 2980 “
195 2936 440 3025 Alexandro,''
465 2960 528 3033 per
544 2934 842 3034 vaniloquentiam
860 2961 901 3010 ac
918 2935 1029 3012 minas
1045 2935 1133 3035 jaci·

144 3057 238 3135 ebat.
287 3056 355 3133 Sed
376 3056 512 3137 Parthis
534 3057 695 3131 mittendi
719 3057 865 3133 secretos
887 3057 1028 3132 nuntios
1047 3056 1133 3131 vali-

66 3255 67 3259 ,
143 3176 298 3255 disfimus
320 3179 442 3252 audior
465 3176 531 3254 sirit
556 3174 734 3269 Sinnaces,
768 3178 894 3278 insigni
918 3178 1064 3267 familia,
1092 3201 1133 3264 ac

144 3297 290 3397 perinde
306 3299 448 3397 opibus,
467 3303 501 3373 δι
527 3297 706 3397 proximus
726 3298 808 3374 huic
825 3300 965 3389 Abdus,
986 3301 1131 3397 ademp-

144 3437 191 3496 tae
207 3419 391 3495 virilitatis.
440 3422 527 3494 Non
544 3418 747 3518 despectum
771 3420 809 3494 id
832 3422 927 3518 apud
953 3423 1132 3511 barbaros,

144 3541 309 3640 ultroque
339 3539 533 3640 potentiam
560 3543 677 3618 habet.
745 3541 789 3631 li,
824 3541 960 3617 adscitis
991 3548 1024 3616 δι
1058 3541 1134 3617 aliis

146 3659 371 3761 primoribus,
411 3661 495 3761 quia
528 3661 707 3741 neminem
739 3661 852 3761 gentis
886 3661 1132 3739 Arsacidarum

146 3780 290 3873 summa
316 3783 364 3861 rei
392 3782 573 3884 imponere
592 3805 766 3882 poteraut,
797 3782 982 3871 intersectis
1000 3788 1046 3870 ab
1064 3788 1132 3867 Ap.
