2512 4680
347 448 354 464 ,
396 396 842 473 Aunnnruanrn.
868 400 932 474 IV.
1105 430 1175 505 243

188 587 217 681 ’ἦ
237 576 353 654 studio
369 575 403 648 in
418 575 597 675 populum
615 579 836 666 Romanum,
852 601 913 674 per
930 576 1021 651 bella
1037 580 1128 654 Persr
1143 587 1178 655 ὅτ

189 697 424 783 “Aristonici
463 695 684 796 aliorumque
712 703 873 796 regum.”
931 700 1063 772 Verum
1092 693 1198 797 Hy·¹

183 818 336 919 papeni,
366 817 623 916 Trallianique,
652 818 920 893 Laodicenis&
946 820 1175 916 Magnetibus

184 942 299 1031 simul,
333 937 488 1031 tramissi,
533 958 572 1012 ut
597 964 724 1038 parum
751 939 870 1011 validi.
935 939 994 1014 Ne
1034 937 1173 1018 Ilienses

185 1060 345 1159 quidem,
394 1062 478 1135 cum
523 1067 551 1102 “
580 1082 759 1158 parentem
793 1058 887 1133 urbis
919 1061 1048 1133 Romae
1079 1061 1173 1134 Tro·

133 1213 135 1215 ’
183 1188 212 1223 “
223 1179 323 1280 jam’'
336 1177 512 1272 referrent,
539 1179 599 1254 nisi
620 1179 832 1278 antiquitatis
850 1180 961 1278 gloria
979 1163 1170 1277 pollebant.

181 1302 345 1404 Paullum
363 1301 622 1390 addubitatum,
642 1300 738 1399 qudd
757 1298 1000 1374 Halicarnassri
1026 1308 1053 1343 “
1072 1302 1172 1375 mille

185 1427 265 1495 “&
296 1423 464 1496 ducentos
488 1448 549 1520 per
571 1449 679 1496 annos
704 1422 802 1494 nullo
824 1443 924 1495 motu
949 1442 1045 1496 terrae
1067 1444 1169 1499 nuta-

184 1548 212 1585 “
231 1542 314 1615 vilse
343 1542 437 1619 sedes
467 1541 555 1634 suas,
585 1544 743 1643 vivoque
772 1542 807 1615 in
836 1539 1171 1626 saxo'fundamenta

184 1668 212 1705 “
230 1664 378 1761 templi”
407 1662 700 1737 adsereraverant.
752 1664 985 1760 Pergamenos
1012 1668 1074 1759 (eo
1096 1663 1170 1762 ipso

181 1784 398 1879 nitebantur)
433 1786 507 1858 aede
536 1785 696 1884 Augusto
723 1774 778 1858 ibi
807 1788 879 1876 fita,
916 1784 993 1857 satis
1023 1786 1168 1884 adeptos

182 1905 369 1978 creditum.
422 1905 577 2004 Ephesii,
606 1905 821 2003 Milesiique,
843 1905 879 1978 hi
898 1906 1087 2003 Apollinis,
1118 1906 1170 1980 illi

96 2105 98 2115 ,
181 2026 305 2099 Dianae
334 2027 530 2101 caerimonii
566 2026 785 2125 occupavisse
814 2026 967 2100 civitates
993 2027 1066 2106 visi.
1115 2030 1170 2102 lta

178 2145 361 2227 Sardianos
379 2147 480 2238 inter,
506 2146 774 2246 Smyrnaeosque
798 2149 1038 2222 deliberatum.
1089 2151 1167 2223 Sar·

179 2266 272 2342 diani
306 2269 486 2342 decretum
526 2270 672 2344 Etruriae
704 2269 904 2360 recitavere,
942 2288 983 2341 ut
1021 2269 1166 2343 consan-

180 2375 317 2486 guinei:
346 2412 429 2471 nam
456 2395 483 2430 “
500 2389 727 2484 Tyrrhenum
739 2389 959 2486 Lydumque
973 2393 1068 2484 Atye
1085 2413 1168 2486 rege

180 2514 208 2549 “
228 2506 379 2606 genitos,
428 2509 475 2580 ob
515 2509 778 2584 multitudinem
813 2508 961 2581 divisisse
1002 2495 1163 2606 gentem}

181 2633 210 2669 “
229 2626 377 2722 Lydum
394 2628 527 2727 'patriis
561 2628 597 2702 in
630 2632 725 2705 terris
760 2621 915 2704 resedisse
928 2659 940 2717 ;
979 2630 1168 2725 Tyrrheno

181 2751 210 2787 “
227 2747 366 2839 datum,
389 2775 497 2823 novas
523 2770 560 2824 ut
582 2754 746 2826 conderet
770 2749 876 2825 sedes.
928 2753 975 2824 Et
991 2750 1167 2822 ducunre

180 2872 209 2909 “
227 2869 427 2945 nominibus
451 2871 559 2945 indita
584 2875 769 2963 vocabula,
794 2871 859 2945 illis
875 2896 937 2969 per
953 2872 1086 2959 Afiam,
1112 2868 1167 2942 his

182 2987 265 3060 “in
294 2988 410 3062 Italis:
438 2993 647 3090 audiamque
672 2994 787 3067 adhuc
809 2993 995 3090 Lydorum
1020 2990 1167 3088 opulen-

75 3101 80 3111 ’
181 3113 211 3150 “
229 3107 328 3197 tiam,
361 3109 463 3183 missis
492 3111 528 3184 in
562 3114 736 3187 Graeciam
767 3113 921 3212 populis,
953 3111 1009 3187 cui
1033 3137 1119 3185 mox
1144 3135 1165 3184 a

181 3230 360 3326 “Pelope
384 3255 514 3305 nomen
530 3235 564 3305 :''
590 3236 690 3307 simul
716 3234 875 3308 “literas
899 3234 1164 3330 imperatorum,

181 3356 210 3392 “
229 3354 263 3423 a
304 3351 373 3424 isla
400 3353 582 3428 nobiscum
611 3353 745 3430 soedera
781 3355 875 3429 bello
903 3353 1162 3442 Macedonum,

180 3474 492 3571 “ubertatemque
526 3462 723 3549 'fluminum
761 3474 916 3564 suorum,
958 3471 1164 3570 temperiem

177 3597 207 3635 “
226 3591 317 3681 caeli,
341 3617 382 3666 ac
405 3593 493 3668 dites
510 3593 644 3667 circum
667 3599 794 3668 terras”
812 3594 1065 3668 memorabant.

229 3715 329 3789 LVI.
368 3719 428 3786 Ατ
446 3715 661 3804 Surium,
688 3715 831 3813 repetita
858 3713 1041 3808 vetustate,
1069 3723 1096 3759 “
1111 3711 1169 3787 seu

180 3836 209 3875 “
225 3835 399 3910 Tantalus
421 3837 515 3934 Jove
531 3854 629 3909 ortus
652 3832 743 3926 illos,
773 3838 843 3910 five
866 3831 1021 3908 Theseus
1046 3831 1166 3910 divina

631 3957 714 4030 R2
