2776 4724
274 359 320 431 30
527 335 570 405 C.
598 334 837 406 Comen
861 333 1041 406 Tacrrr

287 534 290 537 ·
321 507 494 581 XXXIII.
531 510 712 580 Iuram
737 506 948 581 Germanico
962 532 1023 603 per
1040 505 1184 598 Gallias,
1212 528 1252 582 ut

223 614 226 616 ’
271 629 438 719 diximus,
452 627 572 702 census
584 627 778 724 accipienti,
806 627 1252 724 “exceffilIeAugustum”

268 748 433 823 adfertur.
483 752 642 844 Neptem
667 747 737 846 ejus
769 747 1005 847 Agrippinam
1023 748 1058 820 in
1072 749 1251 823 matrimo-

268 870 343 958 nio,
370 867 552 967 pluresque
565 895 608 942 ex
623 871 662 960 ea
674 868 798 942 liberos
813 870 972 954 habebat.
1022 867 1097 965 lpse
1118 868 1249 961 Drus0,

163 987 164 991 ’
269 985 373 1061 fratre
390 987 537 1078 Tiberii,
563 989 713 1087 genitus,
739 989 908 1087 Augustae
935 1016 1070 1087 nepos:
1103 988 1160 1065 sed
1184 1018 1246 1064 an·‘

271 1109 348 1181 xins
368 1109 511 1182 occultis
535 1110 570 1182 in
590 1107 632 1181 'se
654 1108 765 1205 patrui
789 1095 945 1208 aviaque
964 1110 1067 1200 odiis,
1098 1138 1251 1210 quorum

269 1228 378 1303 tausae
394 1213 555 1319 acriores,
576 1231 659 1327 quia
670 1229 826 1327 iniquae:
854 1231 988 1329 quippe
1006 1234 1107 1305 Drusi
1122 1260 1251 1331 magna

269 1351 365 1446 apud
394 1351 570 1445 populum
594 1354 800 1423 Romanum
824 1352 1009 1441 memoria,
1033 1353 1252 1425 credebatur·

269 1498 353 1569 que,
382 1474 405 1544 si
429 1495 546 1543 rerum
560 1470 689 1566 potitus
702 1469 803 1561 foret,
814 1472 1019 1545 'libertatem
1032 1472 1228 1546 redditurus
1242 1500 1251 1546 r

268 1572 363 1664 unde
378 1590 412 1664 in
426 1591 678 1665 Germanicum
692 1590 806 1682 favor‘,
833 1598 867 1666 ὃς
892 1591 969 1689 spes
986 1592 1120 1666 eadem.
1157 1595 1253 1667 Nam

261 1712 384 1811 juveni
406 1712 507 1787 civile
531 1713 726 1810 ingenium,
766 1713 853 1785 mira
875 1713 1034 1803 comitas,
1065 1718 1098 1787 δι
1124 1712 1255 1817 diyersa

266 1833 450 1908 aTiberii
485 1831 656 1923 sermone,
688 1835 801 1922 vultu,
831 1833 1085 1932 adrogantibus.
1121 1838 1154 1908 dr
1189 1836 1252 1908 ob·

265 1952 381 2028 scuris.
432 1931 658 2028 Accedebaint
699 1952 884 2038 muliebres
925 1955 1141 2042 offenfiones,
1187 1981 1251 2027 no·

241 2156 242 2160 ¹
266 2074 460 2148 vestalibus
484 2073 598 2147 Liviae
624 2073 660 2146 in
683 2072 919 2171 Agrippinam
944 2072 1112 2147 stimulis:
1143 2076 1251 2170 atque

215 2290 217 2297 Ι
267 2193 339 2292 ipsa
357 2193 556 2293 Agrippina
583 2195 702 2291 paullo
718 2191 943 2281 commotior,
971 2191 1031 2264 nifi
1060 2190 1158 2288 quod
1179 2194 1251 2267 cas-

265 2316 375 2408 titate,
405 2321 439 2389 &
458 2314 571 2388 mariti
588 2341 722 2405 amore,
748 2312 909 2412 quamvis
937 2310 1150 2389 indomitum
1174 2313 1249 2386 ani-

238 2470 240 2476 ’
268 2463 369 2510 mum
386 2437 422 2509 in
437 2441 572 2512 bonum
586 2439 755 2511 vertebat.

330 2558 505 2632 XXXIV.
551 2560 626 2631 Sao
652 2560 926 2663 Ganmnuicus
952 2555 1251 2656 quantbsummae
1294 2635 1297 2642 ,
1335 2542 1339 2558 ”

259 2679 336 2778 «[ρεί
374 2680 532 2778 propior,
568 2680 664 2754 tanti)
693 2668 890 2776 impenfibs'
905 2704 971 2775 pto
1002 2676 1148 2751 Tiberio
1178 2679 1252 2752 niti.

263 2803 440 2900 Sequanos
453 2802 650 2900 proximos,
676 2805 709 2873 &
727 2801 912 2897 Belgarum
925 2797 1083 2871 civitates
1107 2798 1144 2869 in
1171 2824 1251 2872 ver·

266 2925 312 2994 ba
336 2921 407 3021 ejus
430 2923 552 3021 adigit.
602 2921 755 3012 Dehinc,
783 2918 901 2994 audito
916 2917 1099 3017 legionum
1116 2921 1250 2991 tumul·

265 3064 318 3135 tu,
345 3043 472 3140 raptim
501 3042 692 3140 profectus,
716 3041 837 3115 obvias
859 3061 957 3112 extra
982 3037 1091 3112 castra
1114 3039 1251 3129 habuit,

266 3162 466 3264 dejeelisin
491 3184 619 3236 terram
632 3164 755 3250 oculis,
785 3163 881 3235 velut
894 3159 1102 3257 paenitentia.
1152 3157 1252 3231 Post·

186 3332 187 3335 =
267 3311 374 3380 quam
389 3285 521 3358 vallum
535 3282 623 3373 iniit,
650 3282 775 3356 dilloni
802 3281 942 3380 questus
966 3279 1078 3351 audiri
1089 3281 1250 3375 coepere:

268 3408 302 3475 &
328 3404 472 3499 quidam
489 3406 610 3502 prensi
635 3430 741 3477 manu
771 3401 856 3501 ejus,
888 3426 950 3499 per
977 3398 1128 3495 speciem
1153 3396 1251 3471 exosss

226 3619 228 3627 y
267 3521 420 3612 colandi,
458 3524 671 3599 inseruerunt
700 3523 845 3622 digitos,
885 3543 923 3595 ut
949 3546 1060 3594 vacua
1089 3519 1252 3614 dentibus

267 3669 330 3718 ora
346 3643 586 3742 contingeret:
616 3643 673 3716 alii
685 3666 827 3718 curvata
838 3643 930 3717 senio
954 3642 1112 3715 membra
1136 3636 1252 3713 osten·

267 3767 407 3839 debant.
460 3765 694 3845 Adfistentem
724 3765 944 3853 concionem,
971 3761 1054 3860 quia
1079 3757 1254 3860 permixta
