2796 4724
272 349 341 428 170
487 323 1081 406 morannum

230 536 231 539 ¹
267 504 324 576 cul
341 502 431 599 praes
423 497 545 572 dmm
597 498 900 602 Augustodunum
917 518 1021 596 caput
1038 499 1167 596 gentis,
1199 525 1254 576 ar-

269 621 367 696 matis
384 619 598 711 cohortibus,
630 619 790 693 Sacrovir
813 641 1060 718 occupaverat,
1091 624 1125 693 &
1150 622 1251 697 nobi-

266 741 425 819 liffimam
443 740 638 815 Galliarum
654 739 826 831 subolem,
857 741 1053 816 liberalibus
1066 739 1187 814 studiis
1201 742 1275 816 ibi

266 881 457 958 operatam,
483 880 523 934 ut
549 886 592 934 eo
620 860 768 960 pignore
791 882 948 959 parentes
967 859 1251 959 propinquosque
1309 890 1312 894 ·

265 1007 385 1057 eorum
411 979 640 1080 adjungeret:
678 983 777 1055 simul
801 1008 895 1056 arma
920 981 1057 1055 occulte
1083 981 1250 1059 fabricata

257 1100 434 1200 juventuti
444 1101 610 1200 dispertit.
643 1085 885 1201 Qadraginta
896 1102 1006 1176 millia
1017 1101 1127 1209 suere,
1147 1102 1249 1201 quin·
1280 1090 1287 1149 ἷ

262 1222 362 1297 rasni
387 1244 483 1323 parte
505 1223 702 1325 legionariis
724 1223 842 1314 armis,
876 1223 979 1298 ceteri
996 1250 1078 1297 cum
1095 1225 1250 1297 venabu-
1317 1285 1319 1291 s

264 1345 359 1439 lis&
378 1345 507 1435 cultris,
528 1343 757 1444 quaqueaiia
769 1345 976 1418 venantibus
988 1345 1057 1417 tela
1070 1343 1169 1418 sunt:
1189 1345 1251 1417 ad·
1277 1408 1291 1418 .

264 1467 397 1541 duntur
409 1456 581 1541 eservitiis
594 1466 796 1565 gladiaturae
807 1464 980 1555 destinati,
994 1465 1135 1563 quibus,
1154 1491 1251 1539 more

266 1589 421 1688 gentic0,
467 1587 675 1662 continuum
706 1585 788 1661 serti
827 1586 981 1685 tegimen
1023 1586 1253 1685 (Crupellarios

265 1712 414 1804 vocant)
449 1707 636 1782 inserendis
665 1706 791 1787 ictibus
820 1706 1002 1797 inhabiles,
1039 1707 1251 1805 accipiendis

147 1827 149 1831 ’
217 1824 219 1829 ’
266 1829 557 1928 impenetrabiles.
609 1832 842 1927 Augebantur
874 1829 928 1902 hae
960 1827 1085 1925 copiae,
1118 1828 1252 1902 vicina·

265 1975 343 2022 rum
359 1949 543 2023 civitatum
566 1973 609 2022 ut·
627 1950 787 2021 nondum
810 1952 928 2043 apertas
956 1946 1188 2040 consensione,
1207 1950 1254 2027 ita

265 2068 395 2144 viritim
431 2068 603 2165 promptis
639 2066 775 2155 studiis,
819 2072 853 2140 ὅτ
889 2068 1078 2145 certamine
1115 2069 1273 2169 ducum¹

266 2193 529 2277 Romanorum,
566 2189 654 2285 quos
681 2186 770 2259 inter
795 2185 1038 2283 ambigebatur
1052 2164 1072 2271 ;⁸
1098 2206 1251 2285 utroque

266 2307 472 2384 bellumsrbi
490 2306 663 2406 poscente
713 2308 809 2380 Mox
821 2307 932 2379 Varro
949 2305 1120 2381 invalidus
1133 2303 1251 2382 senec„

264 2434 312 2521 ta,
329 2428 473 2529 vigenti
490 2428 573 2502 Silio
590 2429 764 2502 concessit.

314 2552 449 2625 XLIV.
476 2554 536 2624 Ar
567 2552 703 2625 Roma:
731 2555 850 2621 “non
876 2549 1049 2623 Treveros
1077 2548 1187 2622 modi>
1217 2552 1251 2626 &

267 2680 295 2718 “
313 2673 467 2761 AEduos‚
484 2670 543 2744 sed
557 2690 705 2769 quatuor
716 2675 751 2743 δι
765 2666 943 2769 sexaginta
956 2666 1198 2766 Galliarum
1168 2671 1254 2746 crvi-

267 2804 399 2869 “tates
425 2790 616 2882 descivisse,
649 2789 850 2887 adsumptos
877 2787 914 2860 in
942 2786 1138 2875 societatem
1166 2797 1254 2868 Ges.

267 2923 296 2960 “
316 2941 454 3004 manos,
488 2912 610 2987 dubias
646 2909 834 3008 Hispanias
849 2912 885 2983 :''
928 2911 1056 2984 causta
1088 2916 1146 3008 (ut
1176 2941 1254 2988 mos

264 3037 385 3132 samae)
401 3036 436 3110 in
448 3032 557 3132 majus
570 3033 712 3112 credita.
750 3030 917 3130 Optimus
930 3030 1073 3129 quisque
1087 3034 1253 3133 reipubli,

265 3187 316 3235 cae
334 3159 417 3233 cura
434 3156 627 3232 maerebat:
655 3153 757 3232 multi
774 3154 858 3227 odio
875 3150 1109 3250 presentium,
1138 3158 1171 3227 δι
1189 3182 1251 3228 cua

266 3279 386 3377 pidine
399 3268 612 3365 mutationis,
624 3274 690 3349 suis
701 3301 846 3374 quoque
857 3274 1018 3374 periculis
1034 3276 1253 3365 laetabantur,
1305 3297 1309 3305 ·

266 3398 562 3498 increpabantque
590 3378 807 3486 Tiberiumj
827 3396 922 3494 qubd
952 3395 988 3467 in
1015 3416 1113 3470 tanto
1138 3423 1254 3470 rerum

265 3538 380 3608 motu,
429 3519 554 3619 libellis
596 3517 833 3593 accusatorum
867 3516 1053 3590 insumeret
1097 3541 1251 3614 operam,

267 3646 295 3683 “
314 3643 375 3711 An
390 3639 527 3733 Julium
547 3640 767 3714 Sacrouirum
790 3636 975 3736 majestatis
992 3638 1135 3712 crimine
1151 3660 1252 3708 reum

269 3766 297 3810 “
315 3760 353 3841 in
368 3759 484 3834 senatu
501 3758 604 3836 sore?
632 3760 793 3844 exstitisse
806 3761 949 3841 tandem
961 3762 1064 3853 viros,
1094 3754 1155 3865 qui
1171 3781 1252 3835 cru*
