2796 4724
257 347 325 420 162
510 339 1026 420 C.-Conuar.'11Tnc1r1

254 523 375 599 contrb
399 512 602 595 Mamercus
627 523 786 611 Scaurus,
814 525 849 594 &
866 523 912 595 L.
930 519 1133 613 Arruntius,
1160 524 1236 598 alii-

255 669 325 743 que
345 643 448 715 Sullae
471 641 658 740 propinqui
679 641 902 736 nitebantur:
931 643 1111 731 certabant
1133 644 1238 717 orati·

226 763 391 866 (onibus,
430 767 463 836 &
493 765 776 837 memorabantur
808 766 1019 860 “exempla
1045 758 1236 860 majorum,

254 885 362 982 “qui
383 882 579 982 juventutis
605 884 869 959 inreverentiam
900 885 1065 984 gravibus
1092 882 1238 958 decretis

254 1013 282 1050 “
302 1003 507 1079 notavissent
523 1005 560 1079 :”
585 1008 700 1079 donec
729 1004 863 1081 Drusus
892 1026 974 1104 apta
999 1002 1238 1103 temperandis
1340 982 1353 993 ’

254 1126 380 1200 animis
392 1126 566 1213 disseruit;
595 1131 628 1200 δι
646 1124 857 1201 satisfastum
872 1126 1067 1201 Corbuloni
1081 1128 1142 1224 pe⁸r
1154 1128 1238 1200 Ma-

252 1272 426 1338 mercum,
454 1246 515 1345 qui
540 1267 682 1346 patruus
707 1250 870 1323 simulac
894 1248 1035 1322 vitricus
1057 1249 1176 1337 Suliae,
1203 1249 1240 1320 &

251 1387 429 1441 oratonrm
446 1370 486 1442 es
503 1388 603 1442 aetate
615 1369 813 1444 uberrimus
824 1387 908 1443 erat.
952 1370 1056 1443 idern
1068 1368 1240 1456 Corbu10,

205 1555 210 1561 .
254 1496 282 1532 “
302 1488 451 1586 plurima
468 1515 529 1587 per
544 1489 681 1564 ltaliam
697 1491 830 1582 itinera,
856 1489 977 1565 fraude
990 1489 1194 1587 mancipum
1205 1491 1240 1561 δε

256 1615 283 1651 “
303 1608 436 1684 incutis
468 1611 734 1710 magistratuum
765 1613 955 1710 interrupta
984 1616 1018 1685 &
1047 1609 1239 1709 impervia’'

255 1729 485 1820 clamitandO,
506 1730 768 1809 ¹exsecutionem
792 1732 864 1833 ejus
888 1731 1021 1832 negotii
1043 1730 1155 1805 libens
1171 1727 1241 1803 sus-

254 1848 371 1947 cepit:
401 1851 497 1948 quod
516 1853 612 1926 haud
634 1854 779 1950 perinde
801 1854 943 1952 publici:
965 1850 1041 1928 usui
1062 1850 1238 1940 habitum,

253 1972 363 2067 qubm
380 1961 564 2043 exitiosum
585 1973 716 2061 multis,
745 1999 896 2070 quorum
918 1974 954 2044 in
979 1972 1167 2068 pecuniam
1188 1989 1241 2043 at-

254 2115 323 2188 que
340 2084 472 2162 farnarn'
489 2091 772 2164 damnationibus
791 2096 824 2191 dc
842 2091 936 2164 hasts
952 2089 1126 2163 saeviebat.

302 2211 458 2283 XXXII.
481 2213 630 2299 Nrove
654 2208 767 2284 multb
791 2209 866 2307 post
882 2209 993 2284 ‘missa
1013 2209 1058 2282 ad
1080 2207 1244 2283 senatum·

255 2329 358 2404 literis
374 2331 550 2422 Tiberius,
579 2338 607 2376 “
625 2352 759 2406 motam
776 2330 908 2405 rursum
926 2329 1084 2404 Africam
1101 2328 1241 2406 incursu
1265 2356 1267 2359 ’

258 2457 287 2497 “
305 2452 559 2539 Tacfarinatis''
577 2453 721 2542 docuit3
750 2453 990 2553 “judicioque
1003 2470 1141 2550 patrum
1152 2451 1242 2525 deli·

258 2581 287 2620 “
305 2575 461 2675 gendum
479 2574 736 2672 proconsulem,
762 2601 910 2675 gnarum
928 2573 1073 2665 rnilitiae,
1097 2598 1242 2673 corpore

259 2704 285 2741 “
305 2697 475 2788 validum,
503 2701 537 2769 &
561 2697 655 2770 bello
681 2695 954 2770 suffestunrm:”
980 2694 1077 2793 quod
1102 2694 1242 2769 initium

256 2820 337 2892 Sex.
369 2819 560 2917 Pompeius
592 2817 746 2916 agitandi
780 2817 944 2891 adversbs
972 2817 1029 2888 M.
1059 2815 1242 2913 Lepidum

256 2939 328 3012 odii
355 2942 489 3030 nasius,
518 2945 604 3013 “ut
629 2938 820 3029 socordem,
847 2938 1006 3035 inopem,
1034 2940 1067 3009 a
1100 2928 1267 3035 majori-‘

258 3066 286 3103 “
305 3062 369 3133 bus
382 3058 447 3133 suis'
460 3060 690 3150 dedecorum,
717 3061 831 3159 ebque
847 3058 953 3132 etiam
971 3060 1062 3133 Asia
1080 3054 1168 3131 sorte
1181 3059 1242 3130 de-

258 3187 286 3223 “
304 3181 549 3279 pellendum,”
590 3179 779 3268 incusavit;
830 3178 973 3255 adverso
1005 3177 1136 3270 senatu,
1179 3176 1240 3276 qui

259 3300 484 3398 “Lepidum
503 3298 626 3372 mitem
649 3300 761 3399 magis
785 3303 894 3399 quasin
918 3300 1104 3399 ignavum,
1131 3319 1243 3397 pater·

139 3495 142 3499 ,
243 3424 286 3525 ᾖ(
304 3444 367 3492 nas
382 3421 414 3494 ei
425 3420 614 3521 angustias,
642 3424 675 3493 &
697 3421 917 3523 nobilitatem
940 3426 1009 3496 fine
1031 3426 1162 3521 probro
1184 3445 1240 3493 ac·

258 3543 286 3581 “
304 3557 391 3629 tarn,
418 3530 541 3616 honori
566 3543 675 3640 quam
700 3540 905 3641 ignominiae
931 3543 1154 3616 habendam’'
1173 3540 1240 3610 du·
1266 3584 1271 3591 ι

257 3660 370 3733 cebat.
419 3662 532 3759 Igitur
550 3663 669 3736 missus
682 3662 718 3735 in
731 3666 862 3738 Asiam.
913 3666 961 3738 Et
976 3665 1022 3738 de
1040 3661 1160 3736 Afric&
1176 3659 1239 3732 de-

136 3773 139 3778 ⁴
258 3801 392 3876 cretum
420 3787 447 3824 “
462 3802 502 3855 ut
517 3784 631 3860 Caesar
647 3788 792 3885 legeret,
819 3785 876 3862 cui
892 3785 1056 3877 mandata
1071 3779 1221 3856 foret.''·
