2776 4724
254 375 299 422 22
414 352 455 422 C.
488 348 768 422 Conuatrr
803 350 1012 422 Tncrrr

256 533 283 568 “
302 496 492 596 miserrimis
506 523 621 594 lucem
639 526 672 594 δι
686 519 838 621 spiritum
851 522 1041 597 reddidistis
1055 551 1066 608 ;
1087 519 1143 597 sed
1158 527 1236 624 quis

254 653 281 688 “
298 642 387 716 fratri
401 668 480 714 meo
493 642 617 731 vitam,
635 642 712 741 quis
724 643 861 716 fratrem
876 643 960 717 mihi
972 643 1083 717 reddit
1099 648 1111 716 ?
1128 673 1234 744 quem

253 773 279 809 “
298 763 436 836 missum
470 764 515 835 ad
532 789 595 836 vos
628 790 648 835 a
665 763 875 836 Germanico
891 764 1041 852 exercitu
1073 766 1118 837 de
1134 789 1233 839 conr·

252 884 461 957 “munibus
494 884 704 985 commodis,
739 885 840 956 noete
871 884 1033 995 proximas
1057 884 1234 985 jugulavit

251 1011 280 1047 “
301 1031 361 1102 per
394 1004 599 1103 gladiatores
626 1002 732 1095 suos,
747 1031 834 1103 quos
850 1006 885 1077 in
918 1004 1063 1078 exitium
1080 1006 1231 1080 militurn

251 1133 277 1168 “
297 1128 401 1198 habet
434 1146 539 1223 atque
567 1146 687 1198 armat.
718 1125 918 1223 Responde,
952 1124 1069 1215 Blaese,
1087 1126 1146 1199 ubi
1175 1153 1231 1200 ca-

251 1247 407 1337 “daver
435 1244 622 1343 abjeceris?
654 1244 702 1319 'ne
734 1247 845 1320 hostes
884 1246 1027 1345 quidem
1055 1245 1253 1346 sepulturaev

248 1375 276 1468 '⁴‘
297 1367 476 1440 invident:
497 1369 577 1440 cum
611 1366 747 1458 osculis,
782 1369 864 1440 cum
897 1366 1044 1440 lacrimis
1077 1364 1235 1461 dolorem

249 1495 415 1559 “meum
449 1488 654 1584 implevero,
690 1514 748 1561 me
777 1515 919 1587 quoque
934 1486 1094 1562 trucidari
1120 1485 1258 1586 jube3'

250 1615 277 1650 “
296 1609 382 1680 dum
399 1606 593 1681 intersertos
622 1610 760 1681 nullum
777 1606 963 1700 obscelus,
993 1600 1052 1682 sed
1070 1609 1151 1707 quia
1166 1609 1233 1711 uti·
1342 1609 1349 1626 ‘

250 1736 277 1771 “
296 1728 379 1801 litati
398 1728 578 1826 legionum
595 1727 873 1821 consulebamus,
903 1731 939 1803 hi
955 1730 1118 1827 sepeliant
1131 1734 1167 1803 .''

297 1852 434 1923 XXIII.
469 1852 730 1923 Iucnunannr
761 1853 837 1925 haec
864 1854 961 1940 fletu,
996 1855 1030 1923 δι
1048 1852 1232 1949 ρεᾶυεειῑ-

248 1997 317 2068 que
333 1997 371 2043 os
400 1969 560 2043 manibus
577 1947 781 2044 verberans:
801 1997 888 2044 mox
917 1970 1064 2069 disjeslis
1081 1996 1231 2067 quorum

247 2118 308 2190 per
333 2093 494 2185 humeros
521 2089 755 2180 sustinebatur,
783 2094 987 2188 praeceps&
1016 2089 1230 2185 singulorum

247 2211 394 2309 pedibus
407 2212 605 2298 advolutus,
622 2232 758 2285 tantum
777 2208 1054 2286 consternationis
1071 2208 1229 2283 invidia·

247 2358 316 2431 que
334 2331 497 2421 concivit,
527 2352 565 2405 ut
590 2358 665 2429 pars
695 2331 860 2423 militum,
892 2331 1095 2430 gladiatores
1123 2329 1183 2428 qui
1211 2355 1232 2402 e

245 2452 381 2525 servitio
397 2456 491 2526 Blaesr
510 2473 618 2542 erant,
637 2479 714 2550 pars
730 2475 879 2527 ceteram
895 2451 1047 2552 ejusdem
1063 2451 1231 2526 familiam

246 2573 426 2664 vincirent,
445 2573 502 2646 alii
519 2575 564 2646 ad
577 2575 804 2672 quaerendum
822 2601 946 2673 corpus
962 2576 1231 2649 effunderentur.

246 2700 302 2767 Ac
331 2694 367 2766 ni
401 2695 557 2791 propere,
588 2720 701 2792 neque
718 2721 841 2792 corpus
869 2698 981 2768 ullum
1014 2695 1164 2794 reperiri,
1197 2700 1233 2768 ὃ(

245 2813 373 2904 servos,
397 2814 559 2888 adhibitis
577 2814 793 2904 cruciatibus,
823 2817 974 2889 abnuere
991 2816 1138 2905 caedem,
1169 2841 1230 2889 ne·

246 2962 314 3034 que
332 2936 380 3008 illi
407 2935 509 3008 fuisse
520 2957 691 3034 umquam
717 2935 854 3009 fratrem
872 2937 1107 3034 pernotuisset‚
1137 2936 1232 3011 haud
1299 2951 1305 2970 ‘

245 3057 398 3132 multum
416 3055 461 3127 ab
478 3055 584 3127 exitio
602 3058 706 3154 legati
723 3060 878 3131 aberant.
904 3059 1084 3133 Tribunos
1100 3079 1230 3147 tamen,
1312 3118 1323 3136 .

245 3205 285 3263 ac
304 3177 504 3277 prasestum
523 3176 710 3251 castrorum
739 3183 926 3253 extrussre.
977 3178 1124 3253 Sarcinae
1141 3177 1231 3276 sugi-

245 3295 379 3371 entium
408 3296 574 3393 direptae3
594 3300 800 3372 &centurio
828 3299 997 3373 Lucillius
1015 3297 1231 3389 interficitur,

245 3418 301 3490 cui
330 3418 531 3490 militaribus
560 3415 687 3490 facetiis
717 3422 943 3509 vocabulum,
979 3419 1058 3490 Cedo
1084 3424 1229 3508 alteram,

244 3536 465 3629 indiderant:
486 3536 567 3635 quia
582 3535 689 3610 sradb
716 3539 786 3613 vite
804 3541 840 3613 in
868 3562 968 3638 tergo
985 3537 1115 3628 militis,
1144 3539 1229 3609 alte-

238 3662 319 3733 ram
338 3656 428 3727 clard
445 3682 545 3746 voce,
571 3684 610 3730 ac
627 3657 740 3732 rursus
756 3661 860 3757 aliam
877 3660 1048 3758 poscebat.
1087 3658 1230 3730 Ceteros

217 3826 220 3833 π
246 3779 384 3853 latebra
410 3778 542 3867 texere,
575 3805 647 3853 uno
664 3800 797 3855 retento
830 3783 1011 3856 Clemente
1028 3777 1137 3874 Juli0,
1168 3777 1230 3876 qui
