2796 4724
298 363 858 482 Auuaaruanrana
967 460 968 467 ἵ
1034 393 1101 442 221

129 547 159 586 “
178 561 268 630 tum,
295 542 329 612 δι
350 538 432 614 salsa
454 539 680 614 exterritum:
708 539 816 638 idque
838 537 937 612 facile
953 537 1106 618 intellec·

79 655 80 660 *
128 670 159 708 “
177 684 230 752 tu,
257 667 280 736 fi
309 663 536 759 proderentur
564 661 645 734 alii:
683 686 757 732 non
785 658 881 733 enim
909 657 942 732 se
971 662 1105 738 caedem
1182 760 1184 763 Ι

130 790 157 827 “
175 782 357 881 Principis,
384 783 489 857 &res
511 809 633 872 novas,
657 802 729 854 uno
750 778 858 872 soci⁰‚
883 782 1083 880 cogitasse.”

175 905 317 978 XXIX.
342 888 439 977 Tum
469 901 645 975 accusator
678 910 705 944 “
724 904 791 976 Cn.
823 903 1032 991 Lentulum,
1072 907 1107 977 &

77 1003 84 1014 ’
128 1023 291 1097 “Seium
313 1024 582 1113 Tuberonem,”
608 1021 790 1095 nominat:
819 1047 950 1120 magno
973 1023 1107 1119 pudore

127 1144 282 1233 Caesaris,
314 1144 396 1216 clun
426 1144 593 1241 primores
622 1142 782 1232 civitatis,
808 1142 922 1215 intimi
944 1142 1047 1240 ipsius
1069 1172 1105 1219 a·

125 1264 224 1356 miei,
259 1265 433 1338 Lentulus
461 1261 638 1337 senestutis
670 1274 847 1355 extremae,
874 1264 1019 1339 Tubero
1041 1267 1104 1339 de·
1218 1242 1221 1254 .

127 1383 221 1458 sedo
235 1410 392 1482 corpore,
419 1385 589 1458 tumultlrs
610 1384 754 1474 hostilis,
782 1390 816 1458 ὅτ
838 1385 1019 1459 turbanda
1039 1387 1105 1459 rei-

126 1505 278 1603 publicae
302 1507 558 1579 arcesserentur.
584 1506 653 1577 Sed
675 1505 713 1608 lii
737 1503 883 1602 quidem
905 1505 1018 1579 statim
1036 1533 1099 1580 ex·

126 1627 248 1725 empti.
298 1629 340 1700 ln
358 1647 504 1724 patrem,
530 1651 574 1699 ex
590 1624 693 1699 servis
712 1630 917 1722 quaesitum:
948 1627 1107 1725 &quaes-
1215 1694 1219 1709 ,

123 1747 173 1821 tio
197 1748 337 1822 adversa
362 1746 545 1822 accusatori
562 1745 650 1819 fuit:
679 1745 739 1844 qui
756 1742 882 1821 scelere
898 1772 1033 1840 vecors,
1061 1753 1101 1823 si·

126 1871 201 1940 mul
232 1871 328 1967 vulgi
362 1894 500 1942 minore
528 1867 679 1956 territus,
718 1868 871 1940 “robur
904 1871 938 1941 δι
967 1867 1104 1960 saxum,

127 1994 155 2030 “
171 2009 232 2105 aut
262 1989 511 2087 parricidarum
538 1988 692 2102 poenas”
724 1986 975 2079 minitantium,
1007 1988 1102 2062 cessst

123 2108 248 2183 Urbe:
276 2137 316 2183 ac
340 2111 505 2184 retrodus
535 2110 726 2199 Rauenna,
746 2107 888 2207 exsequi
918 2109 1103 2184 accusatio·

122 2233 203 2302 nem
225 2230 400 2330 adigitur3
428 2257 500 2303 non
521 2232 719 2303 occultante
746 2228 889 2302 Tiberio
911 2255 1010 2304 vetus
1027 2232 1103 2305 odi-

121 2376 198 2438 um,
217 2351 383 2423 adversus
400 2349 555 2423 exsulem
573 2353 749 2424 Serenum.
798 2350 895 2421 Nam
913 2350 989 2445 post
1005 2353 1105 2423 dam·

121 2490 242 2542 natum
258 2469 453 2559 Libonem,
481 2470 583 2543 miffis
605 2474 650 2543 ad
666 2468 835 2544 Caesarem
852 2468 957 2542 literis
973 2495 1103 2567 expro-

120 2590 297 2679 braverat,
327 2595 354 2634 “
372 2586 472 2662 suum
488 2610 626 2665 tantum
653 2591 807 2665 studium
826 2595 894 2666 sine
918 2587 1031 2663 frusto
1050 2590 1103 2664 fu-

122 2713 151 2749 “
169 2707 228 2779 isse
244 2736 252 2780 :
267 2710 289 2741 ''
326 2710 579 2810 addideratque
630 2713 794 2810 quadam
835 2711 1101 2801 contumacius,
1132 2751 1140 2767 ι

122 2829 231 2926 quam
241 2849 356 2903 tutum
375 2833 471 2929 apud
487 2858 584 2905 autes
596 2815 760 2930 superbas
778 2837 812 2905 δι
825 2832 1002 2907 offensioni
1021 2859 1102 2930 pro-

87 3026 92 3030 ,
119 2948 244 3023 niores.
279 2953 332 3023 Ea
348 2951 462 3026 Caesar
476 2955 556 3026 odo
574 2953 651 3051 post
668 2980 776 3027 annos
792 2954 922 3045 retulit,
942 2955 1102 3029 medium

26 3078 31 3089 ‘
90 3096 94 3104 ·
122 3089 263 3166 tempus
284 3069 378 3142 varie
395 3079 570 3171 arguens';
598 3073 703 3147 etiam
729 3079 751 3147 sr
775 3095 960 3169 tormenta,
986 3076 1102 3175 pervi-

122 3193 216 3263 cacis
233 3188 426 3282 servorum,
452 3194 573 3266 contra
590 3195 791 3269 evenissent.

168 3313 293 3387 XXX.
326 3313 464 3386 Drcris
491 3314 573 3387 dein
601 3313 788 3406 sententiis,
826 3324 855 3360 “
884 3339 925 3391 ut
956 3320 1102 3397 Serenus

57 3489 61 3493 ,
123 3438 271 3504 “more
299 3429 468 3530 majorum
496 3435 720 3531 puniretur,”
746 3437 818 3536 quo
843 3437 992 3512 molliret
1011 3441 1100 3516 invi-

119 3550 231 3641 diam,
268 3551 462 3626 interceffit.
512 3556 636 3629 Gallus
661 3557 811 3648 Asinius,
856 3562 1020 3656 “Gyaro
1042 3585 1102 3638 aut

122 3675 313 3748 “Donusa
333 3674 595 3747 claudendum''
636 3666 790 3751 censere:
819 3677 856 3751 id
882 3706 1023 3781 quoque
1050 3684 1100 3758 as·

118 3815 280 3899 pematus
324 3794 388 3888 est,
427 3803 625 3895 “egenam
661 3825 761 3898 aqua
795 3819 981 3902 utramque
1010 3804 1100 3879 insu·
