2512 4680
97 353 165 428 300
287 331 331 405 C.
374 333 651 409 Conuasrr
694 336 891 412 Tncrrr

92 508 220 580 rabano
250 508 436 608 plerisque,
467 532 528 585 aut
554 514 712 587 nondum
732 512 868 602 adultis,
892 512 1092 605 Phraaten,

94 629 183 730 regis
213 630 370 705 Phraatis
396 631 528 722 filium,
563 638 681 709 Roma
703 632 908 731 poscebant:
951 642 983 677 “
1007 638 1089 708 No-

96 749 236 824 “mine
262 752 403 825 tantiam
432 757 466 825 &
494 757 634 828 austore
657 780 755 852 opus,
784 773 835 843 ut,
866 751 990 848 sponte
1007 756 1088 828 Cae·

59 944 61 946 ,
95 879 122 915 “
140 869 231 961 saris,
260 897 371 970 genus
389 871 527 948 Arsacis
550 875 661 972 ripam
678 874 767 971 apud
790 872 978 969 Euphratis
1006 900 1087 948 cer·

97 999 124 1036 “
144 994 314 1064 neretur.'’
624 1089 627 1095 ἡ

142 1113 299 1185 XXXII.
325 1115 519 1192 Currruu
539 1114 574 1189 id
592 1115 758 1194 Tiberio:
778 1136 877 1194 ornat
893 1115 1083 1206 Phraaten,

93 1231 318 1331 accingitque
338 1256 521 1331 paternum
548 1239 593 1310 ad
617 1235 817 1337 fastigium:
844 1235 1012 1310 destinata
1029 1262 1084 1310 re·

93 1354 221 1443 tineus,
256 1354 405 1428 confiliis
424 1360 458 1429 &
482 1356 554 1431 astu
578 1385 632 1432 res
649 1356 957 1448 externas-moliri,
986 1383 1085 1432 arma

95 1476 221 1574 procul
246 1477 385 1549 habere.
446 1480 591 1567 Interea,
625 1479 773 1577 cognitis
798 1477 946 1568 insidiis,
975 1481 1083 1552 Arta-

95 1600 207 1672 banus
221 1596 346 1670 tardari
359 1618 478 1685 metu3
502 1597 612 1671 mods)
631 1597 794 1697 cupidine
810 1599 977 1673 vindislae
994 1597 1085 1672 inar-

96 1717 244 1793 descere.
305 1721 352 1791 Et
382 1718 532 1792 barbaris
561 1720 747 1808 cundatiO,
780 1718 935 1793 servilis:
970 1718 1086 1793 statim

96 1839 253 1938 exsequi,
280 1838 415 1938 regium
437 1839 584 1913 videtur.
648 1838 763 1912 Valuit
791 1858 912 1914 tamen
940 1840 1083 1930 utilitaS,

96 1983 137 2035 ut
165 1961 324 2048 Abdum,
355 1957 465 2056 specie
490 1959 652 2032 amicitias
680 1978 845 2032 vocatum
873 1963 920 2033 ad
949 1962 1085 2058 epulas,

96 2084 193 2156 lento
220 2104 352 2158 veneno
382 2077 566 2174 inligaret;
599 2078 770 2150 Sinnacen
804 2078 1086 2153 diffimulationo

96 2229 138 2277 ac
150 2201 265 2294 donis,
280 2199 378 2274 simul
395 2221 454 2295 per
470 2195 625 2294 negotia,
644 2215 851 2267 moraretur.
906 2199 955 2268 Et
972 2201 1084 2271 Phra-

33 2335 63 2361 ·’
96 2347 169 2399 ates
191 2324 284 2422 apud
316 2317 462 2418 Syriam,
490 2318 591 2407 dum,
616 2315 741 2389 omislo
768 2315 867 2387 cultu
892 2318 1080 2409 Romano,
1164 2406 1165 2410 Ἴ

96 2447 155 2520 cui
179 2471 239 2544 per
263 2464 314 2519 tot
338 2467 444 2515 annos
459 2437 665 2527 insueverat,
691 2435 844 2520 instituta
865 2438 1084 2516 Parthorum

71 2557 250 2655 insumit,
281 2562 395 2662 patriis
424 2560 578 2634 moribus
604 2559 731 2656 impar,
761 2559 894 2630 morbo
918 2558 1083 2657 absump-

95 2710 151 2762 tus
169 2689 230 2762 est.
279 2685 347 2758 Sed
372 2709 442 2756 non
458 2679 622 2754 Tiberius
644 2677 757 2752 omisrt
785 2677 938 2776 incepta.
989 2678 1082 2752 Tiri.

96 2811 202 2882 daten
224 2803 394 2904 sanguinis
416 2798 582 2899 ejusdem,
607 2800 777 2873 aemulum
796 2800 994 2891 Artabano,
1025 2825 1078 2873 re-

95 2928 361 3025 ciperandaeque
378 2923 557 2999 Armenias
573 2923 717 2995 Iberum
734 2919 971 3016 Mithridaten
996 2922 1080 2996 deli-

95 3048 162 3146 git,
194 3046 426 3143 conciliatque
454 3041 550 3116 fratri
582 3042 820 3133 Pharasmani,
855 3043 918 3140 qui
950 3044 1082 3142 gentile

93 3168 282 3266 imperium
309 3137 509 3250 obtinebat:
539 3168 572 3237 Sc
601 3163 750 3254 cundis,
781 3166 988 3260 quaeapud
1003 3161 1081 3238 Ori-

93 3310 210 3361 entem
244 3287 464 3384 parabantur,
500 3286 546 3357 L.
573 3283 755 3356 Vitellium
792 3281 964 3379 praefecit.
1028 3288 1082 3358 Eo

91 3407 138 3477 de
166 3407 307 3506 homine
336 3405 429 3478 haud
459 3402 534 3475 sum
558 3402 698 3500 ignarus
724 3401 889 3475 sinistram
919 3405 959 3477 in
986 3409 1084 3481 Urbe

92 3523 237 3612 famam,
271 3524 437 3624 pleraque
469 3520 566 3596 foeda
598 3521 805 3594 memorari:
834 3525 997 3600 ceterum
1030 3552 1081 3599 re·

91 3639 214 3743 gendis
232 3643 419 3734 provinciis
436 3641 545 3739 prisca
563 3641 692 3714 virtute
709 3643 781 3740 egit
796 3671 804 3714 :
834 3631 934 3718 unde
951 3643 1081 3743 regres,

91 3763 160 3850 sus,
185 3757 422 3837 &formidine
439 3763 479 3834 C.
497 3760 653 3851 Caesaris,
680 3760 907 3835 familiaritate
924 3764 1084 3860 Claudii,
