2738 4710
227 325 272 397 26
418 318 770 392 Genusum
806 319 1018 394 Tncrrr

224 506 253 541 “
270 523 352 571 num
387 497 542 569 laborem
570 496 743 593 portendi,
778 494 835 568 sua
866 493 1016 568 facinora
1056 499 1201 575 aversari

224 626 250 660 “
267 617 374 702 deos’'
391 618 632 690 lamentantur.
646 618 831 690 Utendum
841 616 1061 702 inclinatione
1071 622 1110 691 ea
1121 621 1199 694 Cae-

218 736 281 826 sar,
311 739 343 809 ἃ
362 763 439 833 quae
452 736 546 810 casus
563 739 749 828 obtulerat,
769 737 804 810 in
819 736 1016 834 sapientiam
1034 744 1200 816 vertenda

218 878 323 947 ratus,
355 855 528 929 circumiri
560 858 704 931 tentoria
730 842 842 956 jubet.
873 858 1017 932 Accitur
1044 862 1200 935 centurio

217 979 394 1068 Clemens,
414 981 448 1049 δε
462 982 484 1051 fi
498 979 558 1076 qui
571 978 627 1051 alii
645 980 744 1053 bonis
756 979 885 1053 artibus
899 980 985 1079 grati
999 979 1034 1052 in
1047 983 1172 1080 vulgus
1187 1011 1196 1055 :

216 1097 397 1195 iivigiliis,
427 1098 642 1191 stationibus,
672 1101 831 1175 custodiis
858 1123 1035 1198 portarum
1063 1099 1097 1173 se
1112 1102 1198 1175 inse-

217 1239 311 1306 runt,
341 1216 437 1314 spem
455 1221 618 1310 offerunt,
650 1242 782 1297 metum
799 1222 994 1295 intendunt.
1014 1229 1042 1266 “
1060 1224 1198 1321 Quous-

219 1347 248 1382 “
267 1365 335 1437 que
352 1339 464 1412 filium
482 1340 696 1437 imperatoris
717 1342 977 1424 obfidebimus?
998 1342 1075 1439 quis
1092 1363 1199 1416 certa-
1292 1378 1294 1381 ·

219 1467 248 1503 “
266 1459 402 1539 minum
429 1462 533 1535 finis?
553 1463 804 1554 Percennione,
834 1468 868 1536 ὃς
898 1463 1072 1537 Vibuleno
1093 1461 1200 1537 sacra-

219 1588 248 1623 “
267 1577 427 1655 mentum
443 1583 567 1656 dicluri
580 1583 721 1658 sumus?
741 1583 949 1657 Percennius
963 1583 1201 1686 &lVibulenus

145 1766 147 1772 s
218 1702 430 1798 “stipendia
460 1703 638 1795 militibus,
670 1731 771 1803 agros
805 1704 955 1778 emeritis
984 1705 1197 1803 largientur?

218 1823 426 1920 “Denique
460 1850 523 1919 pro
555 1826 756 1899 Neronibus
790 1830 824 1898 ὃς
851 1827 984 1915 Drusis,
1015 1824 1200 1923 imperium

218 1942 384 2039 “populi
418 1943 572 2033 Romani
589 1945 786 2039 capellent?
806 1946 890 2041 quin
918 1946 1045 2040 potius,
1080 1968 1118 2018 ut
1137 1974 1200 2020 no·

194 2136 198 2148 ,
218 2070 246 2104 “
265 2061 388 2135 viffimi
404 2061 439 2133 in
457 2064 609 2159 culpam,
640 2063 686 2135 ita
702 2062 805 2160 primi
820 2065 864 2136 ad
894 2063 1128 2159 paenitentiam
1145 2064 1199 2138 su-

218 2191 245 2225 “
264 2186 367 2255 mus?
386 2182 505 2256 Tarda
521 2181 597 2256 sunt
614 2210 691 2281 quae
708 2181 744 2255 in
772 2208 961 2256 commune
978 2182 1198 2278 expostulan-

218 2296 344 2376 “tur:
380 2302 550 2400 privatam
579 2303 725 2402 gratiam
741 2301 853 2391 statim
886 2327 1052 2393 mereare,
1086 2303 1199 2380 statim

218 2432 246 2467 “
264 2424 415 2522 recipias.
431 2426 452 2456 '’
470 2424 665 2498 Commotis
683 2450 744 2522 per
760 2425 834 2496 haec
851 2422 1040 2526 mentibus,
1060 2425 1201 2501 &inter

216 2544 249 2618 se
265 2543 436 2642 suspeffis,
467 2545 616 2619 tironem
633 2573 653 2618 a
670 2567 848 2637 veteran0,
879 2545 1055 2645 legionem
1072 2573 1092 2619 a
1114 2548 1200 2647 legi·
1219 2581 1224 2592 ·

217 2693 285 2741 one
301 2667 490 2740 dillociant.
518 2669 615 2740 Turn
633 2667 742 2740 redire
767 2666 955 2764 'paullatim
972 2693 1072 2740 arnor
1104 2668 1201 2742 obse-

217 2787 313 2887 quii:
333 2787 496 2861 omittunt
515 2809 642 2885 portas,
678 2792 772 2886 figna
787 2814 898 2860 unurn
915 2787 952 2861 in
969 2789 1087 2861 locmn
1106 2789 1201 2887 prin·

217 2910 309 3007 cipio
347 2909 519 2994 seditionis
557 2929 780 3009 congregata,
820 2906 893 2981 suas
919 2908 955 2981 in
986 2906 1082 2984 sedes
1114 2909 1202 3016 refe-

216 3051 308 3104 runt.
1145 3017 1146 3021 Ν

266 3154 403 3263 XlllX.
433 3153 606 3241 Dnusos,
636 3172 714 3225 orto
731 3151 801 3242 die,
828 3155 862 3225 &
881 3155 1003 3225 vocatb
1019 3152 1200 3242 concione,

218 3298 432 3370 quamquam
463 3271 556 3344 rudis
573 3271 725 3362 dicendi,
760 3272 937 3345 nobilitate
953 3272 1118 3370 ingeniti,
1148 3274 1200 3347 in-

215 3389 309 3463 cusat
327 3392 452 3487 priora,
481 3395 605 3489 probat
622 3391 809 3489 praesentia.
838 3397 957 3494 Negat
976 3402 1005 3437 “
1023 3393 1056 3467 se
1072 3402 1201 3467 terrore

217 3518 244 3554 “
263 3513 297 3581 ὃς
325 3512 426 3584 minis
443 3513 559 3586 vinci:
591 3517 702 3587 flexos
718 3517 762 3588 ad
795 3493 999 3588 modestiam
1018 3518 1040 3587 sr
1069 3514 1199 3603 videat,

216 3638 244 3674 “
264 3633 286 3702 fi
304 3628 472 3726 supplices
489 3633 617 3723 audiat,
638 3632 845 3732 scripturum
862 3635 963 3732 patri,
990 3654 1029 3706 ut
1045 3633 1202 3727 placatus

217 3759 245 3795 “
263 3749 441 3849 legionum
460 3779 577 3851 preces
595 3755 779 3854 exciperet.
792 3758 815 3788 ''
831 3741 1033 3840 Orantibus,
1064 3748 1200 3826 rursum
