2760 4718
247 306 316 387 28‘2
464 303 1047 397 C.C0n1tsr„11Tncrr1

246 490 275 527 ‘⁴
292 482 420 581 scripti,
450 482 615 556 ultimum
631 478 740 580 Sejani
757 475 866 574 diem,
889 479 946 556 sed
963 481 1144 557 sexdecim
1171 506 1239 561 an·

246 611 355 677 “nos
383 602 641 703 cogitaveritis;
678 602 781 676 etiam
801 602 956 676 Satrium
987 627 1093 703 atque
1122 606 1237 680 Pom-

142 769 146 774 ·
248 703 439 825 “'ponium
464 726 736 799 venerabamur:
764 723 894 798 libertis
912 751 1054 824 quoque
1077 752 1118 800 ac
1137 726 1237 826 jani·

250 846 428 921 “toribus
453 843 526 942 ejus
553 844 744 934 notescere,
775 872 837 942 pro
864 848 1055 944 magnifico
1083 850 1238 948 accipie⁴

226 959 228 963 ⁷
248 978 276 1013 “
295 972 405 1043 batur.
455 965 555 1060 Qid
578 969 686 1063 ergo?
713 965 911 1038 indistinsla
931 969 1006 1040 hac
1023 966 1180 1042 defenfio
1199 976 1236 1045 St

248 1084 485 1186 “promiscua
510 1084 669 1160 dabitur?
698 1085 811 1159 immo
829 1085 931 1183 justis
952 1088 1109 1162 terminis
1139 1089 1235 1163 divi*

156 1219 159 1225 ’
250 1217 277 1253 “
295 1211 408 1283 datur.
459 1206 592 1280 Infidiae
609 1207 644 1280 in
668 1208 936 1304 rempublicam,
962 1209 1101 1282 confina
1119 1211 1234 1284 caedis

249 1336 276 1373 “
294 1328 481 1403 adversdm
507 1330 771 1424 Imperatorem,
802 1329 1008 1426 puniantur:
1036 1332 1080 1403 de
1110 1331 1234 1403 amici·

250 1457 278 1494 “
294 1450 401 1523 til&
427 1448 565 1540 officiis,
595 1448 692 1522 idem
718 1449 847 1523 finis&
871 1472 919 1541 te,
944 1449 1069 1541 Caelar,
1103 1455 1138 1524 sc
1167 1477 1236 1525 nos

255 1578 283 1614 “
300 1568 524 1664 absolverit.''

296 1694 363 1766 IX.
389 1692 653 1767 Consrnnrrn
692 1694 870 1784 orationis,
905 1699 939 1768 ὅτ
966 1695 1048 1793 qnia
1075 1714 1235 1791 repertus

248 1835 332 1905 erat,
359 1813 419 1912 qui
435 1812 581 1904 efferret,
605 1840 684 1912 quae
703 1822 826 1889 ornnes
841 1814 959 1889 animo
974 1817 1164 1915 agitabant,
1187 1815 1235 1890 ed

247 1934 355 2033 usque
384 1937 539 2031 potuere,
564 1954 604 2007 ut
632 1934 844 2009 accusatores
875 1933 961 2031 ejus,
991 1937 1118 2012 additis
1151 1964 1235 2035 quae

247 2056 327 2128 ante
347 2055 576 2153 deliquerant,
605 2055 737 2145 exsilio,
767 2077 827 2128 aut
854 2077 964 2129 morte
988 2059 1233 2131 multarentur.

247 2177 382 2250 Secutae
419 2175 547 2251 dehinc
575 2177 707 2251 Tiberii
731 2177 838 2248 literae
871 2174 907 2247 in
934 2176 1014 2247 Sex.
1043 2175 1232 2251 Vestilium

162 2291 165 2300 ’
249 2298 466 2396 praetorium,
494 2325 615 2398 quem,
641 2296 755 2373 Druso
778 2294 871 2370 sratri
889 2320 1081 2393 percarum,
1110 2293 1147 2366 in
1162 2320 1231 2380 wco-

167 2516 169 2522 s
250 2423 389 2495 hortem
412 2415 507 2495 suam
524 2400 755 2495 transtulerat.
803 2416 916 2492 Causa
928 2415 1121 2491 offenfionis
1142 2415 1231 2490 Ves-

249 2543 323 2616 tilio
349 2541 429 2633 fuit,
460 2541 518 2615 seu
543 2537 781 2640 composuerat
809 2543 971 2639 quadam
997 2538 1033 2612 in
1058 2540 1102 2612 C.
1119 2539 1234 2614 Caesa-

249 2690 338 2754 rem,
355 2686 395 2738 ut
413 2662 648 2763 impudicum,
668 2665 737 2736 sive
750 2664 833 2736 sisto
852 2662 970 2736 habita
987 2662 1098 2734 fides:
1125 2681 1235 2758 atque
1273 2732 1275 2735 .

249 2788 297 2861 ob
328 2786 367 2859 id
394 2785 559 2860 convidu
587 2782 768 2881 Principis
785 2783 995 2879 prohibitus,
1026 2783 1108 2856 curn
1135 2779 1234 2855 senili

248 2933 357 2981 manu
379 2896 510 2981 ferrum
527 2905 735 2995 tentavisset,
765 2903 937 3002 obligavit
955 2928 1084 2977 venas:
1112 2928 1235 3001 preca-

249 3028 372 3128 tusque
417 3054 478 3126 per
517 3026 710 3116 codicillos,
747 3024 876 3099 immiti
908 3022 1086 3123 rescripto,
1127 3048 1236 3097 venas
1292 3124 1299 3130 .

248 3149 397 3253 resolvit.
448 3148 650 3223 Acervatim
679 3173 736 3222 ex·
752 3172 795 3221 eo
824 3147 962 3221 Annius
988 3145 1117 3236 Pollio,
1154 3149 1234 3242 Ap·

249 3270 327 3367 pius
352 3273 499 3362 Silanus,
530 3272 656 3344 Scauro
684 3272 871 3343 Mamerco
896 3270 1010 3358 fimul,
1037 3294 1079 3340 ac
1104 3265 1237 3339 Sabino

248 3392 412 3484 Calvisio,
455 3390 636 3492 majestatis
679 3389 905 3488 postulantur,
955 3392 987 3461 δι
1030 3387 1235 3461 Vinicianus

204 3529 206 3533 ’
248 3511 399 3585 Pollioni
416 3514 503 3612 patri
524 3502 763 3612 adjiciebatur,
790 3505 871 3584 clari
888 3534 1011 3608 genus,
1032 3509 1231 3608 &quidam

246 3629 388 3707 summis
430 3632 648 3708 honoribus:
690 3632 1041 3730 contremuerantque
1081 3649 1230 3726 patres:

248 3777 331 3833 natu
362 3749 632 3851 quotusquisque
646 3809 647 3813 ,
663 3751 863 3845 adfinitatis,
904 3772 962 3826 aut
989 3747 1147 3825 amicitia
1176 3765 1234 3821 tot
