2776 4724
398 335 709 411 Aunnnrunr
742 337 852 410 Lrn.
886 335 932 424 Lf
1089 366 1133 440 35

157 509 298 611 perduci
318 510 364 596 ad
385 508 419 584 se
431 511 601 586 Plancum
615 511 776 609 imperat,
800 480 991 608 recipitque
1012 512 1048 586 in
1071 515 1134 588 tri-

155 634 271 708 bunal.
329 633 430 706 Tum
467 640 493 676 “
519 631 685 706 fatalem''
720 630 899 729 increpans
934 638 961 674 “
986 627 1149 727 rabiemj

156 762 311 853 “neque
338 753 504 843 rnilitum,
535 751 605 826 sed‘
623 754 732 827 deum
755 752 806 826 ira
830 751 1044 852 resurgere'’‚
1074 782 1136 829 cur
1173 824 1175 834 .

154 863 312 951 venerint
334 874 438 974 legati
460 873 588 972 aperit:
619 872 714 973 “jus
730 873 926 973 legationis,
953 895 1059 973 atque
1079 877 1135 974 ip-

155 1006 182 1042 “
197 1003 262 1073 stus
282 996 401 1070 Planci
420 1022 567 1095 gravem
583 995 622 1067 &
647 993 862 1067 immeritum
879 993 1009 1086 casum,
1034 999 1136 1070 simul

106 1152 109 1157 ·
155 1127 367 1219 “quantum
390 1108 571 1191 dedecoris
596 1115 718 1188 adierit
742 1115 877 1213 legi0‚''
899 1114 1048 1190 facunde
1070 1117 1136 1191 mi-

153 1240 303 1316 seratur:
328 1238 542 1336 attonitbque
555 1235 680 1334 magis,
703 1220 812 1334 quim
825 1236 940 1333 quieti
951 1237 1135 1331 concione,

154 1365 289 1459 legatos
303 1359 460 1456 praefidio
473 1357 694 1431 auxiliarium
707 1355 868 1454 equitum
880 1356 1036 1431 dimittit.

86 1547 92 1557 r
206 1482 291 1556 XL„
318 1481 374 1552 Eo
391 1504 434 1552 ru
449 1503 558 1552 muru
574 1479 719 1576 argubre
731 1477 984 1552 Germanicum
997 1505 1134 1571 omnes,

157 1602 256 1701 qubd
273 1627 346 1676 non
367 1601 411 1673 ad
433 1597 642 1696 superiorem
665 1598 859 1697 exercitum
879 1620 1053 1697 pergeret,
1075 1601 1137 1675 ubi

157 1722 336 1821 obsequia,
363 1725 397 1794 bc
411 1740 531 1794 contra
547 1720 691 1794 rebelles
706 1717 887 1792 auxilium.
940 1719 1066 1793 “Satis
1083 1719 1137 1794 su-

157 1853 333 1942 “perque
358 1839 514 1915 millione
539 1842 576 1912 &
601 1839 762 1938 pecunia
793 1845 827 1914 δι
856 1840 1021 1914 mullibus
1049 1866 1135 1914 con·

158 1973 185 2008 “
198 1963 291 2039 sultis
305 1982 507 2062 peccatum:
536 1961 592 2036 vel
610 1965 632 2035 fi
649 1960 727 2034 vilis
739 1961 800 2058 ipsr
817 1960 918 2051 salus,
945 1988 1006 2035 cur
1022 1961 1135 2060 filiurn

156 2094 184 2130 “
197 2084 398 2184 parvulum,
424 2107 488 2156 cur
508 2080 691 2181 gravidam
707 2080 896 2182 conjugem
913 2082 1001 2156 inter
1017 2081 1134 2157 furen-
1230 2108 1239 2121 ’

154 2215 182 2252 “
195 2229 260 2297 tes,
284 2205 321 2277 δι
349 2205 464 2278 omnis
489 2201 636 2277 humani
649 2200 739 2300 juris
762 2203 946 2285 violatores
963 2206 1131 2279 haberet?

154 2336 181 2372 ‘⁴
193 2328 272 2402 illos
293 2324 413 2400 saltem
434 2350 518 2413 auu,
543 2329 577 2398 δι
601 2323 799 2421 reipublice
816 2326 1017 2409 redderet&
1061 2327 1136 2400 Diu

153 2451 347 2537 cunelatua
372 2445 612 2544 aspernantem
640 2470 804 2536 uxorem,
840 2448 923 2520 curn
947 2454 975 2490 “
998 2446 1031 2522 se
1049 2447 1135 2521 divo

156 2577 183 2613 “
199 2568 505 2668 Augulloortam,
533 2591 647 2663 neque
670 2565 882 2665 degenerem
898 2570 942 2642 ad
960 2568 1136 2667 pericula'’
1211 2577 1213 2587 ’

155 2689 348 2780 testaretur,
374 2686 551 2785 postremb
568 2707 708 2760 uterum
732 2685 818 2785 ejus,
848 2694 881 2762 &
906 2713 1135 2763 communem

153 2811 267 2886 filium
303 2810 417 2884 multo
452 2835 537 2884 cum
573 2811 656 2882 fletu
691 2811 914 2906 complexus,
955 2831 994 2883 ut
1028 2809 1138 2883 abiret

154 2933 314 3030 perpulit.
349 2930 538 3004 Incedebat
555 2928 775 3002 muliebre&
787 2926 979 3031 miserabile
991 2957 1135 3030 agmen,

153 3049 307 3150 profuga
322 3049 421 3120 ducis
443 3073 533 3119 uxor
551 3050 735 3144 parvulum
760 3052 832 3122 finu
853 3050 965 3124 filium
992 3077 1115 3151 gerens
1121 3080 1134 3140 3
1221 3083 1225 3095 ·

152 3173 380 3253 lamentantes
393 3167 527 3241 circum
539 3166 731 3243 amicorum
746 3158 927 3270 conjuges,
943 3168 1021 3270 quae
1035 3174 1134 3245 simul

151 3293 396 3367 trahebantur:
422 3312 487 3361 nec
500 3286 614 3361 minus
629 3289 739 3363 tristes
752 3290 813 3388 qui
827 3293 1026 3389 manebant.

156 3483 160 3492 ,
202 3412 304 3486 XLl.
329 3412 421 3484 Nou
448 3433 666 3482 rnonaurrs
689 3409 844 3500 Caesaris,
870 3436 984 3509 neque
1004 3411 1072 3488 suis
1098 3415 1135 3490 in
1215 3471 1217 3480 r

151 3531 293 3623 castris„
310 3530 368 3605 sed
380 3529 476 3605 velut
492 3528 627 3604 inutbe
640 3529 745 3620 vieta,
770 3528 886 3621 facies,
915 3532 1135 3635 gemitusque

151 3680 191 3727 ac
203 3654 374 3751 punctus,
397 3649 502 3724 etiam
518 3648 671 3722 militum
683 3674 783 3727 aures
797 3677 928 3750 oraque
940 3655 1134 3730 advertere.

152 3774 433 3876 Progrediuntur
460 3767 717 3941 contubessniis:
758 3772 889 3871 “quis
918 3774 976 3849 ille
1010 3777 1135 3851 flebilis
1187 3792 1194 3798 ‘

662 3892 684 3940 2
