2738 4710
418 346 735 416 Auunsruu
767 341 879 413 Lrn.
914 344 942 416 Ι.
1142 349 1206 448 ι9“

174 531 211 568 “
232 517 436 595 vacationes
448 544 635 593 munerum
652 516 787 591 redimi.
806 520 857 588 At
873 517 1010 591 hercule
1027 525 1181 617 verbera,

176 651 211 688 “
234 647 272 717 &
304 641 462 731 vulnera,
492 639 619 713 duram
647 638 817 727 hiemem,
847 639 1009 714 exercitas
1038 642 1180 737 astares,

175 773 190 810 ⁴
197 773 210 807 ‘
234 764 378 837 bellum
395 781 506 852 atrox,
537 780 597 834 aut
612 759 763 835 sterilem
781 783 917 856 pacem,
952 758 1178 858 sempiterna:
1227 850 1229 855 s

175 894 209 929 “
233 909 306 958 nec
323 881 417 954 aliud
447 884 700 969 levamentum,
736 879 843 978 quim
862 882 884 951 sr
901 881 999 954 certis
1016 881 1078 957 sub
1095 887 1180 985 legi-

178 1015 211 1051 “
235 1009 307 1079 bus
337 1001 456 1077 militia
471 1002 634 1088 iniretur;
653 1022 691 1090 ut
719 1002 869 1099 fingulos
886 1002 1041 1076 denarios
1070 1032 1189 1081 mere·-

181 1133 219 1172 “
237 1146 341 1210 rent3
359 1121 626 1198 sextusdecimus
643 1120 803 1220 stipendii
819 1148 927 1195 annus
944 1126 1051 1217 finem
1068 1128 1179 1205 adser-

181 1255 214 1292 “
237 1266 317 1332 ret;
336 1271 379 1319 ne
395 1247 483 1320 ultris
511 1244 574 1319 sub
591 1243 729 1317 vexillis
748 1265 954 1335 tenerentur,
985 1243 1043 1318 sed
1060 1247 1178 1324 iisdem

184 1369 283 1440 “in
316 1367 425 1440 castris
458 1366 637 1463 praemium
679 1363 825 1463 pecunifi
857 1362 1051 1440 solveretur.
1119 1376 1179 1444 An

189 1486 417 1586 “praetorias
442 1489 610 1578 cohortes,
645 1514 724 1585 quae
743 1485 844 1561 binos
873 1486 1028 1561 denarios
1045 1492 1178 1589 accipe·
1278 1556 1280 1567 .

187 1620 221 1658 “
242 1630 337 1698 rent,
367 1634 442 1706 quae
472 1608 544 1704 post
570 1606 743 1682 sexdecim
770 1632 878 1680 annos
908 1608 1088 1704 penatibus
1115 1609 1180 1684 suis

190 1738 225 1775 “
244 1731 445 1819 reddantur,
461 1730 535 1825 plus
553 1728 781 1826 periculorum
802 1725 991 1824 suscipere?
1011 1731 1096 1803 Non
1114 1735 1178 1806 ob*

190 1861 224 1896 “
245 1850 380 1924 treetari
406 1877 426 1923 a
451 1848 483 1923 se
500 1852 658 1925 Urbanas
675 1849 855 1938 excubias,
874 1849 934 1923 fibi
951 1870 1068 1924 tamen
1085 1855 1179 1950 apud

191 1981 226 2019 “
244 1971 532 2071 horridasgentes
549 1997 568 2044 e
584 1969 817 2045 contuberniis
833 1971 966 2045 hostem
983 1970 1085 2070 aspici
1099 1959 1149 2046 .”’

239 2094 375 2168 XVIII.
409 2098 702 2169 Aosrnxssss'r
737 2093 864 2191 vulgus
891 2093 1030 2167 diversis
1059 2096 1178 2171 incita-

187 2215 341 2291 mentis:
360 2215 394 2288 hi
413 2216 597 2289 verberum
615 2235 727 2306 notas,
761 2213 812 2287 illi
827 2213 1003 2305 canitiem,
1039 2216 1178 2314 plurimi

185 2337 314 2413 detrita
345 2337 501 2437 tegmina
534 2341 568 2410 δι
599 2336 734 2409 nudum
767 2361 891 2432 corpus
920 2338 1177 2434 exprobrantes.

186 2458 368 2534 Poſtremo
384 2458 426 2532 eb
437 2456 559 2531 fauoris
576 2459 717 2547 venere,
736 2475 774 2530 ut
791 2477 857 2529 tres
870 2457 1023 2554 legiones
1041 2456 1180 2535 miscere

190 2580 230 2653 in
245 2577 567 2677 unamagitaverint
584 2605 593 2649 ε
613 2579 743 2674 depulsi
762 2578 995 2667 aemulatione,
1015 2579 1100 2682 quia¹
1112 2577 1179 2654 suae

190 2696 338 2798 quisque
369 2699 498 2802 legioni
531 2724 613 2773 eum
662 2701 831 2773 honorem
865 2701 1077 2798 quaerebant,
1112 2697 1181 2772 alio

188 2841 342 2912 vertunt,
376 2842 482 2919 atque
497 2821 567 2894 unia
584 2840 650 2892 tres
668 2822 800 2919 aquilas
818 2825 851 2892 δι
870 2822 966 2916 signa
982 2815 1179 2891 cohortium
1295 2809 1298 2832 ¹

191 2943 333 3013 locant:
353 2943 454 3012 fimul
469 2962 662 3038 congerunt
679 2939 839 3038 cespites,¹
863 2938 1040 3013 exstruunt
1072 2935 1205 3011 tribu!
1251 2949 1253 2954 '

190 3059 267 3147 nal,
288 3058 360 3157 quo
374 3057 484 3155 magis
501 3059 679 3156 conspicua
691 3061 786 3139 sedes
799 3059 896 3133 foret.
912 3056 1180 3155 Properantibus

190 3178 318 3255 Blaesus
347 3177 514 3264 mvsnit3
534 3178 824 3280 increpabatque„
847 3208 888 3256 ac
916 3179 1082 3254 retinebat
1117 3180 1181 3250 srn·

191 3301 309 3399 gulos,
340 3298 542 3376 clamitans:
580 3309 607 3346 “
642 3306 729 3377 Mes
762 3302 875 3400 potius
908 3301 1004 3375 caede
1035 3297 1182 3373 imbuite

191 3428 220 3465 “
239 3447 385 3495 manus:
438 3421 567 3496 leviore
601 3423 735 3519 flagitio
770 3427 926 3522 legatum
959 3421 1181 3514 interficietis,

169 3551 220 3591 '“
238 3546 346 3643 quim
373 3546 419 3618 ab
448 3544 654 3641 imperatore
671 3541 862 3617 desciscitis.
893 3549 965 3616 Aut
998 3540 1183 3614 incolumis
1263 3586 1264 3590 =

188 3672 216 3707 “
235 3665 344 3739 fidem
373 3664 557 3765 legionum
587 3661 757 3755 retinebo,
787 3685 845 3737 aut
868 3662 1048 3765 jugulatus
1077 3661 1183 3756 poeni«

188 3792 216 3836 “
234 3787 378 3893 tentiam
397 3784 644 3860 adcelerabo.'’

672 3903 748 3987 Ca
