2834 4732
368 316 683 388 Aunnlrum
715 315 880 413 Lrs.l.
1095 340 1140 418 39
1201 368 1203 370 ψ

212 493 330 566 LXX.
357 497 417 564 Ar
430 496 703 567 Ganmnrucus
738 491 946 588 legionum,
963 505 1047 588 quas
1080 519 1141 566 na-

160 613 264 687 vibus
280 634 433 703 vexerat,
462 611 648 686 secundam
667 617 699 685 δι
718 612 1051 711 quartamdecimam
1085 614 1141 686 iti⁴
1207 706 1210 713 Ι

161 760 243 807 nere
260 734 405 807 terrestri
431 737 470 806 P.
495 733 635 806 Vitellio
659 718 834 807 ducendas
859 733 976 822 tradit,
1003 733 1075 830 quo
1093 736 1141 806 le-

160 854 237 939 vior
251 856 361 928 claffis
374 853 503 927 vadoso
520 855 607 928 mari
624 854 770 943 innaret,
789 856 846 927 vel
863 853 1038 951 reciproco
1055 856 1140 928 fide·
1159 840 1161 842 V
1205 838 1207 846 l

160 997 220 1047 ret.
270 975 431 1049 Vitellius
458 976 611 1073 primum
633 976 697 1048 iter
724 978 809 1048 sicca
828 977 952 1064 buum,
982 994 1040 1046 aut
1062 999 1140 1046 mo-

159 1096 237 1171 dice
259 1097 443 1170 adlabente
470 1096 568 1187 astu,
595 1097 753 1194 quietum
778 1089 917 1169 habuit.¹
958 1097 1053 1166 Mox
1074 1094 1140 1168 im-

77 1193 87 1209 .
161 1215 260 1314 pulsu
276 1216 460 1316 aquilonis,
485 1218 584 1290 simul
603 1218 709 1289 fidere
727 1215 939 1313 aequinodlii,
958 1240 1028 1312 quo
1041 1242 1140 1289 max-

161 1336 231 1409 ime
263 1338 421 1410 tumescit
450 1340 624 1428 Oceanus,
656 1337 729 1433 rapi
761 1336 888 1435 agique
918 1361 1070 1433 agmen:
1107 1342 1142 1411 δι

162 1458 397 1556 opplebantur
421 1476 543 1530 terra:
586 1460 708 1531 eadem
739 1455 841 1547 freto,
873 1457 976 1545 litori,
1009 1456 1141 1554 campis

162 1576 290 1651 faciest
319 1603 433 1675 neque
456 1576 600 1650 discerni
620 1599 777 1675 poterant
793 1577 923 1651 incerta
945 1580 989 1650 ab
1011 1576 1140 1668 solidis,

164 1697 285 1773 brevia
311 1724 332 1769 a
355 1695 546 1795 profundis.
596 1700 801 1772 Sternuntur
824 1698 1001 1788 nudibus,
1028 1699 1140 1772 hauri·

162 1840 270 1894 untur
315 1817 535 1916 gurgitibus:
578 1816 750 1916 jumenta,
801 1818 950 1911 sarcinae,
994 1846 1143 1917 corpora

124 1972 125 1975 ¹
156 1938 340 2029 exanima,
366 1938 579 2030 interfluunt,
598 1939 797 2015 occursant:
826 1939 1071 2038 permiscentur
1089 1940 1144 2014 in-

160 2083 211 2134 ter
227 2060 261 2134 se
288 2059 470 2157 manipuli,
507 2061 615 2134 modo
642 2063 795 2158 pedore,
821 2061 928 2135 modd
953 2087 1013 2136 ore
1041 2084 1142 2137 tenus

160 2183 341 2275 exstantes,
382 2180 572 2280 aliquando
601 2179 773 2256 subtrasio
806 2181 879 2256 solo
911 2180 1043 2280 disjec‘li
1082 2204 1143 2259 aut
1186 2242 1188 2251 s

159 2305 298 2380 obruti:
340 2330 413 2377 non
450 2330 538 2393 vox,
573 2308 607 2377 ἃ
641 2304 753 2396 mutui
780 2305 932 2377 hortatus
954 2294 1141 2400 juvabant,

159 2424 359 2499 adversante
380 2427 498 2498 undalz
539 2423 624 2496 nihil
653 2425 809 2498 strenuus
844 2426 891 2497 ab
924 2425 1066 2524 ignave,
1091 2425 1141 2501 sa-

54 2556 56 2567 ¹
162 2546 257 2643 piens
291 2548 338 2618 ab
383 2544 611 2642 imprudenti,
644 2545 783 2618 consilia
815 2572 835 2619 a
868 2544 946 2621 casu
974 2549 1138 2623 differre:

161 2669 287 2740 cundia
323 2664 395 2763 pari
434 2665 599 2739 violentia
640 2666 916 2741 involvebantur.
978 2672 1141 2743 Tandem

162 2786 318 2865 Vitelb'us
346 2786 381 2860 in
415 2786 561 2860 editiora
592 2785 717 2877 enisus,
747 2789 873 2861 eodem
901 2814 1030 2887 agmen
1063 2787 1142 2864 sub-

159 2907 284 2979 duxit:
329 2910 578 3006 pernodlavdre
611 2912 679 2981 fine
704 2909 916 2998 utensilibus,
953 2911 1022 2981 stne
1053 2909 1141 3009 igni,

160 3051 293 3125 magna
313 3052 389 3122 pars
406 3028 501 3098 nudo
531 3048 587 3100 aut
611 3031 763 3101 mulcato
785 3047 941 3124 corpore,
965 3030 1058 3103 haud
1075 3032 1142 3105 mi·

161 3148 226 3220 nlrs
253 3143 476 3235 miserabiles,
505 3148 611 3244 quam
649 3176 738 3246 quos
767 3149 880 3222 hostis
898 3148 1139 3225 circumsidet:

92 3284 97 3291 ·
160 3265 293 3363 quippe
322 3266 389 3339 illis
417 3265 519 3340 etiam
549 3269 697 3344 honessae
731 3268 850 3343 mortis
879 3268 970 3360 usus,
1004 3267 1057 3343 his
1086 3271 1140 3350 in-

161 3385 314 3483 glorium
331 3386 500 3461 exitium:
528 3391 589 3461 lux
623 3389 774 3463 reddidit
808 3411 959 3476 terram;
986 3414 1142 3488 penetra-

160 3528 308 3606 tumque
343 3509 388 3582 ad
415 3509 771 3608 amnemUnsrngin,
811 3511 882 3609 qud
906 3510 1018 3586 Caesar
1040 3517 1142 3591 classe

160 3629 412 3703 contenderat:
449 3628 615 3727 imposita:
640 3629 768 3705 deinde
791 3631 960 3730 legiones,
990 3659 1142 3736 vagante
