<?xml version="1.0" encoding="UTF-8"?>
<!DOCTYPE html PUBLIC "-//W3C//DTD XHTML 1.0 Transitional//EN"
    "http://www.w3.org/TR/xhtml1/DTD/xhtml1-transitional.dtd">
<html xmlns="http://www.w3.org/1999/xhtml" xml:lang="en" lang="en">
 <head>
  <title>
</title>
<meta http-equiv="Content-Type" content="text/html;charset=utf-8" />
  <meta name='ocr-system' content='tesseract 3.04.00' />
  <meta name='ocr-capabilities' content='ocr_page ocr_carea ocr_par ocr_line ocrx_word'/>
</head>
<body>
  <div class='ocr_page' id='page_1' title='image "./ccorneliitaciti00freigoog_0199.png"; bbox 0 0 2796 4724; ppageno 0'>
   <div class='ocr_carea' id='block_1_1' title="bbox 259 349 1057 456">
    <p class='ocr_par' dir='ltr' id='par_1_1' title="bbox 259 349 1057 456">
     <span class='ocr_line' id='line_1_1' title="bbox 259 349 1057 456; baseline -0.006 -19"><span class='ocrx_word' id='word_1_1' title='bbox 259 367 326 456; x_wconf 86' lang='lat'>148</span> <span class='ocrx_word' id='word_1_2' title='bbox 472 349 1057 434; x_wconf 70' lang='lat' dir='ltr'>CConunnrtTncrrr</span> 
     </span>
    </p>
   </div>
   <div class='ocr_carea' id='block_1_2' title="bbox 146 535 1297 3894">
    <p class='ocr_par' dir='ltr' id='par_1_2' title="bbox 158 530 1263 3171">
     <span class='ocr_line' id='line_1_2' title="bbox 256 535 1238 638; baseline 0 -24"><span class='ocrx_word' id='word_1_3' title='bbox 256 542 399 638; x_wconf 76' lang='lat' dir='ltr'>peffimo</span> <span class='ocrx_word' id='word_1_4' title='bbox 417 536 544 635; x_wconf 87' lang='lat' dir='ltr'>cuique</span> <span class='ocrx_word' id='word_1_5' title='bbox 561 537 769 628; x_wconf 85' lang='lat' dir='ltr'>obnoxiam,</span> <span class='ocrx_word' id='word_1_6' title='bbox 787 564 831 612; x_wconf 91' lang='lat' dir='ltr'>ne</span> <span class='ocrx_word' id='word_1_7' title='bbox 847 535 1075 612; x_wconf 88' lang='lat' dir='ltr'>contumelias</span> <span class='ocrx_word' id='word_1_8' title='bbox 1092 539 1238 636; x_wconf 83' lang='lat' dir='ltr'>quidem</span> 
     </span>
     <span class='ocr_line' id='line_1_3' title="bbox 254 657 1238 759; baseline 0.004 -28"><span class='ocrx_word' id='word_1_9' title='bbox 254 658 439 731; x_wconf 74' lang='lat' dir='ltr'>adversum</span> <span class='ocrx_word' id='word_1_10' title='bbox 468 657 715 756; x_wconf 83' lang='lat' dir='ltr'>imperatorem</span> <span class='ocrx_word' id='word_1_11' title='bbox 741 658 889 732; x_wconf 88' lang='lat' dir='ltr'>inficiari</span> <span class='ocrx_word' id='word_1_12' title='bbox 918 677 1074 759; x_wconf 83' lang='lat' dir='ltr'>poterat:</span> <span class='ocrx_word' id='word_1_13' title='bbox 1121 657 1238 735; x_wconf 89' lang='lat' dir='ltr'>solum</span> 
     </span>
     <span class='ocr_line' id='line_1_4' title="bbox 176 760 1233 879; baseline 0.001 -29"><span class='ocrx_word' id='word_1_14' title='bbox 176 808 177 816; x_wconf 48' lang='lat'>¹</span> <span class='ocrx_word' id='word_1_15' title='bbox 251 779 376 851; x_wconf 89' lang='lat' dir='ltr'>veneni</span> <span class='ocrx_word' id='word_1_16' title='bbox 394 779 526 854; x_wconf 87' lang='lat' dir='ltr'>crimen</span> <span class='ocrx_word' id='word_1_17' title='bbox 556 779 647 854; x_wconf 85' lang='lat' dir='ltr'>visus</span> <span class='ocrx_word' id='word_1_18' title='bbox 673 779 728 853; x_wconf 88' lang='lat' dir='ltr'>est</span> <span class='ocrx_word' id='word_1_19' title='bbox 756 760 920 867; x_wconf 80' lang='lat' dir='ltr'>tliluiffe·;</span> <span class='ocrx_word' id='word_1_20' title='bbox 954 781 1050 879; x_wconf 88' lang='lat' dir='ltr'>quod</span> <span class='ocrx_word' id='word_1_21' title='bbox 1067 801 1111 851; x_wconf 90' lang='lat' dir='ltr'>ne</span> <span class='ocrx_word' id='word_1_22' title='bbox 1128 802 1233 852; x_wconf 88' lang='lat' dir='ltr'>accu-</span> 
     </span>
     <span class='ocr_line' id='line_1_5' title="bbox 238 895 1235 998; baseline 0 -27"><span class='ocrx_word' id='word_1_23' title='bbox 238 895 375 973; x_wconf 73' lang='lat' dir='ltr'>&#39;satores</span> <span class='ocrx_word' id='word_1_24' title='bbox 416 901 561 998; x_wconf 91' lang='lat' dir='ltr'>quidem</span> <span class='ocrx_word' id='word_1_25' title='bbox 591 899 678 974; x_wconf 49' lang='lat' dir='ltr'>¹satis</span> <span class='ocrx_word' id='word_1_26' title='bbox 716 903 916 991; x_wconf 91' lang='lat' dir='ltr'>firmabant,</span> <span class='ocrx_word' id='word_1_27' title='bbox 956 900 1038 973; x_wconf 90' lang='lat' dir='ltr'>“in</span> <span class='ocrx_word' id='word_1_28' title='bbox 1066 898 1235 972; x_wconf 80' lang='lat' dir='ltr'>convivio</span> 
     </span>
     <span class='ocr_line' id='line_1_6' title="bbox 254 1016 1238 1121; baseline 0.002 -27"><span class='ocrx_word' id='word_1_29' title='bbox 254 1016 283 1062; x_wconf 54' lang='lat'>‘&#39;‘</span> <span class='ocrx_word' id='word_1_30' title='bbox 301 1022 518 1121; x_wconf 84' lang='lat' dir='ltr'>Germanici,</span> <span class='ocrx_word' id='word_1_31' title='bbox 548 1022 632 1096; x_wconf 75' lang='lat' dir='ltr'>cum</span> <span class='ocrx_word' id='word_1_32' title='bbox 657 1020 757 1119; x_wconf 86' lang='lat' dir='ltr'>super</span> <span class='ocrx_word' id='word_1_33' title='bbox 782 1047 864 1094; x_wconf 90' lang='lat' dir='ltr'>eum</span> <span class='ocrx_word' id='word_1_34' title='bbox 891 1017 970 1095; x_wconf 86' lang='lat' dir='ltr'>Piso</span> <span class='ocrx_word' id='word_1_35' title='bbox 987 1018 1238 1110; x_wconf 83' lang='lat' dir='ltr'>discumberet,</span> 
     </span>
     <span class='ocr_line' id='line_1_7' title="bbox 253 1140 1239 1241; baseline 0.002 -29"><span class='ocrx_word' id='word_1_36' title='bbox 253 1148 284 1184; x_wconf 82' lang='lat'><strong>“</strong></span> <span class='ocrx_word' id='word_1_37' title='bbox 303 1141 450 1215; x_wconf 68' lang='lat' dir='ltr'>infectos</span> <span class='ocrx_word' id='word_1_38' title='bbox 467 1143 630 1216; x_wconf 90' lang='lat' dir='ltr'>manibus</span> <span class='ocrx_word' id='word_1_39' title='bbox 648 1140 719 1241; x_wconf 86' lang='lat' dir='ltr'>ejus</span> <span class='ocrx_word' id='word_1_40' title='bbox 736 1142 857 1216; x_wconf 88' lang='lat' dir='ltr'>cibos’&#39;</span> <span class='ocrx_word' id='word_1_41' title='bbox 875 1161 1058 1240; x_wconf 84' lang='lat' dir='ltr'>arguentes</span> <span class='ocrx_word' id='word_1_42' title='bbox 1076 1169 1084 1213; x_wconf 91' lang='lat'><strong>:</strong></span> <span class='ocrx_word' id='word_1_43' title='bbox 1105 1140 1239 1240; x_wconf 90' lang='lat' dir='ltr'>quippe</span> 
     </span>
     <span class='ocr_line' id='line_1_8' title="bbox 253 1259 1239 1354; baseline 0.003 -21"><span class='ocrx_word' id='word_1_44' title='bbox 253 1261 444 1336; x_wconf 88' lang='lat' dir='ltr'>absurdum</span> <span class='ocrx_word' id='word_1_45' title='bbox 469 1262 669 1354; x_wconf 71' lang='lat' dir='ltr'>videbatur,</span> <span class='ocrx_word' id='word_1_46' title='bbox 693 1263 782 1336; x_wconf 87' lang='lat' dir='ltr'>inter</span> <span class='ocrx_word' id='word_1_47' title='bbox 815 1262 926 1336; x_wconf 89' lang='lat' dir='ltr'>aliena</span> <span class='ocrx_word' id='word_1_48' title='bbox 957 1259 1106 1352; x_wconf 88' lang='lat' dir='ltr'>servitia,</span> <span class='ocrx_word' id='word_1_49' title='bbox 1133 1267 1239 1336; x_wconf 86' lang='lat' dir='ltr'>&amp;tot</span> 
     </span>
     <span class='ocr_line' id='line_1_9' title="bbox 253 1364 1238 1481; baseline 0.001 -26"><span class='ocrx_word' id='word_1_50' title='bbox 253 1379 464 1456; x_wconf 78' lang='lat' dir='ltr'>adstantium</span> <span class='ocrx_word' id='word_1_51' title='bbox 491 1364 581 1474; x_wconf 85' lang='lat' dir='ltr'>visu,</span> <span class='ocrx_word' id='word_1_52' title='bbox 616 1380 690 1481; x_wconf 93' lang='lat' dir='ltr'>ipso</span> <span class='ocrx_word' id='word_1_53' title='bbox 718 1381 931 1463; x_wconf 87' lang='lat' dir='ltr'>Germanico</span> <span class='ocrx_word' id='word_1_54' title='bbox 957 1407 1089 1473; x_wconf 88' lang='lat' dir='ltr'>coram,</span> <span class='ocrx_word' id='word_1_55' title='bbox 1112 1382 1149 1455; x_wconf 90' lang='lat' dir='ltr'>id</span> <span class='ocrx_word' id='word_1_56' title='bbox 1177 1408 1238 1456; x_wconf 90' lang='lat' dir='ltr'>au·</span> 
     </span>
     <span class='ocr_line' id='line_1_10' title="bbox 243 1502 1238 1604; baseline -0.001 -27"><span class='ocrx_word' id='word_1_57' title='bbox 243 1502 354 1585; x_wconf 78' lang='lat' dir='ltr'>sum:</span> <span class='ocrx_word' id='word_1_58' title='bbox 382 1506 623 1604; x_wconf 84' lang='lat' dir='ltr'>offerebatque</span> <span class='ocrx_word' id='word_1_59' title='bbox 661 1502 832 1577; x_wconf 84' lang='lat' dir='ltr'>familiam</span> <span class='ocrx_word' id='word_1_60' title='bbox 869 1528 960 1593; x_wconf 86' lang='lat' dir='ltr'>reus,</span> <span class='ocrx_word' id='word_1_61' title='bbox 996 1508 1030 1576; x_wconf 73' lang='grc' dir='ltr'>δι</span> <span class='ocrx_word' id='word_1_62' title='bbox 1067 1503 1238 1577; x_wconf 85' lang='lat' dir='ltr'>ministros</span> 
     </span>
     <span class='ocr_line' id='line_1_11' title="bbox 254 1621 1252 1729; baseline 0.001 -34"><span class='ocrx_word' id='word_1_63' title='bbox 254 1622 292 1696; x_wconf 91' lang='lat' dir='ltr'>in</span> <span class='ocrx_word' id='word_1_64' title='bbox 314 1646 491 1699; x_wconf 88' lang='lat' dir='ltr'>tormenta</span> <span class='ocrx_word' id='word_1_65' title='bbox 520 1625 712 1729; x_wconf 82' lang='lat' dir='ltr'>flagitabat.</span> <span class='ocrx_word' id='word_1_66' title='bbox 762 1625 831 1698; x_wconf 88' lang='lat' dir='ltr'>Sed</span> <span class='ocrx_word' id='word_1_67' title='bbox 853 1621 1002 1723; x_wconf 86' lang='lat' dir='ltr'>judices‘</span> <span class='ocrx_word' id='word_1_68' title='bbox 1017 1648 1078 1721; x_wconf 82' lang='lat' dir='ltr'>per</span> <span class='ocrx_word' id='word_1_69' title='bbox 1104 1623 1252 1697; x_wconf 83' lang='lat' dir='ltr'>diversa</span> 
     </span>
     <span class='ocr_line' id='line_1_12' title="bbox 193 1744 1263 1844; baseline 0.002 -27"><span class='ocrx_word' id='word_1_70' title='bbox 193 1802 198 1817; x_wconf 93' lang='lat'><strong><em>.</em></strong></span> <span class='ocrx_word' id='word_1_71' title='bbox 254 1744 495 1844; x_wconf 85' lang='lat' dir='ltr'>implacabiles</span> <span class='ocrx_word' id='word_1_72' title='bbox 523 1768 641 1821; x_wconf 88' lang='lat' dir='ltr'>erant:</span> <span class='ocrx_word' id='word_1_73' title='bbox 683 1744 794 1820; x_wconf 85' lang='lat' dir='ltr'>Caesar</span> <span class='ocrx_word' id='word_1_74' title='bbox 819 1748 867 1820; x_wconf 97' lang='lat' dir='ltr'>ob</span> <span class='ocrx_word' id='word_1_75' title='bbox 891 1746 1025 1819; x_wconf 90' lang='lat' dir='ltr'>bellum</span> <span class='ocrx_word' id='word_1_76' title='bbox 1049 1745 1263 1842; x_wconf 74' lang='lat' dir='ltr'>provinciae·</span> 
     </span>
     <span class='ocr_line' id='line_1_13' title="bbox 254 1865 1242 1964; baseline 0.003 -26"><span class='ocrx_word' id='word_1_77' title='bbox 254 1866 403 1942; x_wconf 88' lang='lat' dir='ltr'>inlatum</span> <span class='ocrx_word' id='word_1_78' title='bbox 417 1897 428 1954; x_wconf 91' lang='lat'>;</span> <span class='ocrx_word' id='word_1_79' title='bbox 462 1866 609 1957; x_wconf 90' lang='lat' dir='ltr'>senatus,</span> <span class='ocrx_word' id='word_1_80' title='bbox 642 1893 840 1964; x_wconf 89' lang='lat' dir='ltr'>numquam</span> <span class='ocrx_word' id='word_1_81' title='bbox 880 1865 956 1939; x_wconf 89' lang='lat' dir='ltr'>satis</span> <span class='ocrx_word' id='word_1_82' title='bbox 981 1867 1130 1957; x_wconf 82' lang='lat' dir='ltr'>credito,</span> <span class='ocrx_word' id='word_1_83' title='bbox 1170 1870 1242 1941; x_wconf 88' lang='lat' dir='ltr'>fine</span> 
     </span>
     <span class='ocr_line' id='line_1_14' title="bbox 254 1984 1240 2083; baseline 0 -24"><span class='ocrx_word' id='word_1_84' title='bbox 254 1984 376 2061; x_wconf 87' lang='lat' dir='ltr'>fraude</span> <span class='ocrx_word' id='word_1_85' title='bbox 412 1987 663 2060; x_wconf 80' lang='lat' dir='ltr'>Germanicum</span> <span class='ocrx_word' id='word_1_86' title='bbox 694 1986 882 2059; x_wconf 79' lang='lat' dir='ltr'>interiisse:</span> <span class='ocrx_word' id='word_1_87' title='bbox 925 1989 988 2080; x_wconf 69' lang='lat' dir='ltr'>(a)</span> <span class='ocrx_word' id='word_1_88' title='bbox 1035 1986 1240 2083; x_wconf 83' lang='lat' dir='ltr'>scripsrffent</span> 
     </span>
     <span class='ocr_line' id='line_1_15' title="bbox 253 2103 1240 2206; baseline -0.003 -25"><span class='ocrx_word' id='word_1_89' title='bbox 253 2109 535 2206; x_wconf 83' lang='lat' dir='ltr'>expostulantes:</span> <span class='ocrx_word' id='word_1_90' title='bbox 563 2107 661 2206; x_wconf 91' lang='lat' dir='ltr'>quod</span> <span class='ocrx_word' id='word_1_91' title='bbox 678 2106 772 2177; x_wconf 89' lang='lat' dir='ltr'>haud</span> <span class='ocrx_word' id='word_1_92' title='bbox 784 2103 901 2176; x_wconf 73' lang='lat' dir='ltr'>mimis</span> <span class='ocrx_word' id='word_1_93' title='bbox 919 2104 1094 2198; x_wconf 90' lang='lat' dir='ltr'>Tiberius,</span> <span class='ocrx_word' id='word_1_94' title='bbox 1125 2106 1240 2202; x_wconf 76' lang='lat' dir='ltr'>quam</span> 
     </span>
     <span class='ocr_line' id='line_1_16' title="bbox 254 2222 1238 2322; baseline -0.003 -19"><span class='ocrx_word' id='word_1_95' title='bbox 254 2227 333 2304; x_wconf 88' lang='lat' dir='ltr'>Piso</span> <span class='ocrx_word' id='word_1_96' title='bbox 360 2231 523 2301; x_wconf 67' lang='lat' dir='ltr'>abnuere.</span> <span class='ocrx_word' id='word_1_97' title='bbox 582 2226 694 2300; x_wconf 91' lang='lat' dir='ltr'>Simul</span> <span class='ocrx_word' id='word_1_98' title='bbox 724 2223 845 2322; x_wconf 90' lang='lat' dir='ltr'>populi</span> <span class='ocrx_word' id='word_1_99' title='bbox 863 2228 957 2296; x_wconf 67' lang='lat' dir='ltr'>‘ante</span> <span class='ocrx_word' id='word_1_100' title='bbox 979 2222 1110 2296; x_wconf 90' lang='lat' dir='ltr'>curiam</span> <span class='ocrx_word' id='word_1_101' title='bbox 1132 2250 1238 2300; x_wconf 82' lang='lat' dir='ltr'>voces</span> 
     </span>
     <span class='ocr_line' id='line_1_17' title="bbox 256 2344 1236 2444; baseline -0.007 -17"><span class='ocrx_word' id='word_1_102' title='bbox 256 2349 497 2439; x_wconf 80' lang='lat' dir='ltr'>audiebantur,</span> <span class='ocrx_word' id='word_1_103' title='bbox 542 2356 569 2391; x_wconf 90' lang='lat'><strong>“</strong></span> <span class='ocrx_word' id='word_1_104' title='bbox 584 2374 656 2421; x_wconf 91' lang='lat' dir='ltr'>non</span> <span class='ocrx_word' id='word_1_105' title='bbox 692 2365 940 2444; x_wconf 89' lang='lat' dir='ltr'>temperaturos</span> <span class='ocrx_word' id='word_1_106' title='bbox 986 2344 1163 2435; x_wconf 87' lang='lat' dir='ltr'>manibus,</span> <span class='ocrx_word' id='word_1_107' title='bbox 1212 2348 1236 2419; x_wconf 86' lang='lat' dir='ltr'>sr</span> 
     </span>
     <span class='ocr_line' id='line_1_18' title="bbox 257 2451 1236 2568; baseline -0.004 -25"><span class='ocrx_word' id='word_1_108' title='bbox 257 2477 445 2568; x_wconf 86' lang='lat' dir='ltr'>“patrum</span> <span class='ocrx_word' id='word_1_109' title='bbox 471 2468 653 2553; x_wconf 88' lang='lat' dir='ltr'>sententias</span> <span class='ocrx_word' id='word_1_110' title='bbox 677 2451 829 2542; x_wconf 80' lang='lat' dir='ltr'>evafiffet</span> <span class='ocrx_word' id='word_1_111' title='bbox 850 2468 885 2538; x_wconf 87' lang='lat'>:&#39;&#39;</span> <span class='ocrx_word' id='word_1_112' title='bbox 918 2465 1117 2566; x_wconf 84' lang='lat' dir='ltr'>effigiesque</span> <span class='ocrx_word' id='word_1_113' title='bbox 1140 2466 1236 2540; x_wconf 90' lang='lat' dir='ltr'>Piso-</span> 
     </span>
     <span class='ocr_line' id='line_1_19' title="bbox 256 2588 1240 2687; baseline -0.001 -23"><span class='ocrx_word' id='word_1_114' title='bbox 256 2591 311 2664; x_wconf 88' lang='lat' dir='ltr'>nis</span> <span class='ocrx_word' id='word_1_115' title='bbox 340 2612 516 2665; x_wconf 87' lang='lat' dir='ltr'>traxerant</span> <span class='ocrx_word' id='word_1_116' title='bbox 546 2590 583 2664; x_wconf 93' lang='lat' dir='ltr'>in</span> <span class='ocrx_word' id='word_1_117' title='bbox 600 2657 602 2661; x_wconf 78' lang='grc'>,</span> <span class='ocrx_word' id='word_1_118' title='bbox 620 2589 811 2663; x_wconf 89' lang='lat' dir='ltr'>Gemonias</span> <span class='ocrx_word' id='word_1_119' title='bbox 846 2614 885 2661; x_wconf 89' lang='lat' dir='ltr'>ac</span> <span class='ocrx_word' id='word_1_120' title='bbox 925 2589 1166 2687; x_wconf 84' lang='lat' dir='ltr'>devellebant,</span> <span class='ocrx_word' id='word_1_121' title='bbox 1203 2588 1240 2663; x_wconf 92' lang='lat' dir='ltr'>ni</span> 
     </span>
     <span class='ocr_line' id='line_1_20' title="bbox 250 2692 1245 2810; baseline -0.003 -24"><span class='ocrx_word' id='word_1_122' title='bbox 250 2710 346 2810; x_wconf 84' lang='lat' dir='ltr'>juffu</span> <span class='ocrx_word' id='word_1_123' title='bbox 368 2692 539 2809; x_wconf 88' lang='lat' dir='ltr'>Principis</span> <span class='ocrx_word' id='word_1_124' title='bbox 561 2713 725 2810; x_wconf 68' lang='lat' dir='ltr'>protectae</span> <span class='ocrx_word' id='word_1_125' title='bbox 750 2695 973 2809; x_wconf 83' lang='lat' dir='ltr'>reposrtaeque</span> <span class='ocrx_word' id='word_1_126' title='bbox 991 2707 1115 2783; x_wconf 78' lang='lat' dir='ltr'>forent</span> <span class='ocrx_word' id='word_1_127' title='bbox 1165 2711 1245 2810; x_wconf 61' lang='lat' dir='ltr'>lgi:</span> 
     </span>
     <span class='ocr_line' id='line_1_21' title="bbox 192 2828 1239 2928; baseline -0.001 -22"><span class='ocrx_word' id='word_1_128' title='bbox 192 2871 196 2878; x_wconf 25' lang='grc' dir='ltr'><em>Δ</em></span> <span class='ocrx_word' id='word_1_129' title='bbox 256 2855 313 2906; x_wconf 89' lang='lat' dir='ltr'>tur</span> <span class='ocrx_word' id='word_1_130' title='bbox 329 2834 459 2907; x_wconf 90' lang='lat' dir='ltr'>inditus</span> <span class='ocrx_word' id='word_1_131' title='bbox 477 2833 620 2923; x_wconf 68' lang='lat' dir='ltr'>lectica,</span> <span class='ocrx_word' id='word_1_132' title='bbox 639 2837 671 2905; x_wconf 73' lang='grc' dir='ltr'>ἃ</span> <span class='ocrx_word' id='word_1_133' title='bbox 695 2857 716 2903; x_wconf 92' lang='lat' dir='ltr'>a</span> <span class='ocrx_word' id='word_1_134' title='bbox 744 2831 885 2904; x_wconf 90' lang='lat' dir='ltr'>tribuno</span> <span class='ocrx_word' id='word_1_135' title='bbox 900 2828 1069 2928; x_wconf 83' lang='lat' dir='ltr'>praetoriae</span> <span class='ocrx_word' id='word_1_136' title='bbox 1087 2831 1239 2905; x_wconf 87' lang='lat' dir='ltr'>cohortis</span> 
     </span>
     <span class='ocr_line' id='line_1_22' title="bbox 158 2941 1240 3044; baseline 0.002 -20"><span class='ocrx_word' id='word_1_137' title='bbox 158 2950 160 2960; x_wconf 71' lang='grc'>’</span> <span class='ocrx_word' id='word_1_138' title='bbox 256 2954 427 3026; x_wconf 69' lang='lat' dir='ltr'>deductus</span> <span class='ocrx_word' id='word_1_139' title='bbox 451 2954 523 3027; x_wconf 92' lang='lat' dir='ltr'>est:</span> <span class='ocrx_word' id='word_1_140' title='bbox 560 2953 656 3027; x_wconf 87' lang='lat' dir='ltr'>vario</span> <span class='ocrx_word' id='word_1_141' title='bbox 675 2941 838 3044; x_wconf 73' lang='lat' dir='ltr'>rumore,</span> <span class='ocrx_word' id='word_1_142' title='bbox 873 2950 988 3026; x_wconf 88' lang='lat' dir='ltr'>custos</span> <span class='ocrx_word' id='word_1_143' title='bbox 1025 2948 1154 3044; x_wconf 87' lang='lat' dir='ltr'>salutis,</span> <span class='ocrx_word' id='word_1_144' title='bbox 1194 2979 1240 3026; x_wconf 85' lang='lat' dir='ltr'>au</span> 
     </span>
     <span class='ocr_line' id='line_1_23' title="bbox 229 3073 776 3171; baseline 0 -25"><span class='ocrx_word' id='word_1_145' title='bbox 229 3164 235 3168; x_wconf 6' lang='grc' dir='ltr'>,Α</span> <span class='ocrx_word' id='word_1_146' title='bbox 256 3073 378 3146; x_wconf 88' lang='lat' dir='ltr'>mortis</span> <span class='ocrx_word' id='word_1_147' title='bbox 403 3076 544 3147; x_wconf 75' lang='lat' dir='ltr'>exactor</span> <span class='ocrx_word' id='word_1_148' title='bbox 568 3074 776 3171; x_wconf 87' lang='lat' dir='ltr'>sequeretur.</span> 
     </span>
    </p>

    <p class='ocr_par' dir='ltr' id='par_1_3' title="bbox 254 3191 1259 3534">
     <span class='ocr_line' id='line_1_24' title="bbox 305 3191 1245 3292; baseline -0.002 -25"><span class='ocrx_word' id='word_1_149' title='bbox 305 3197 395 3276; x_wconf 81' lang='lat' dir='ltr'><strong>XV‚·</strong></span> <span class='ocrx_word' id='word_1_150' title='bbox 415 3197 564 3266; x_wconf 73' lang='lat' dir='ltr'><strong>EADEM</strong></span> <span class='ocrx_word' id='word_1_151' title='bbox 591 3194 770 3268; x_wconf 84' lang='lat' dir='ltr'>Plancinae</span> <span class='ocrx_word' id='word_1_152' title='bbox 795 3194 941 3283; x_wconf 87' lang='lat' dir='ltr'>invidia,</span> <span class='ocrx_word' id='word_1_153' title='bbox 965 3191 1075 3292; x_wconf 86' lang='lat' dir='ltr'>major</span> <span class='ocrx_word' id='word_1_154' title='bbox 1101 3193 1209 3292; x_wconf 85' lang='lat' dir='ltr'>gratia</span> <span class='ocrx_word' id='word_1_155' title='bbox 1225 3219 1245 3265; x_wconf 90' lang='lat'>:·</span> 
     </span>
     <span class='ocr_line' id='line_1_25' title="bbox 255 3313 1259 3413; baseline 0.006 -29"><span class='ocrx_word' id='word_1_156' title='bbox 255 3313 368 3411; x_wconf 79' lang='lat' dir='ltr'>eoque</span> <span class='ocrx_word' id='word_1_157' title='bbox 390 3315 599 3413; x_wconf 81' lang='lat' dir='ltr'>ambiguum</span> <span class='ocrx_word' id='word_1_158' title='bbox 616 3315 820 3405; x_wconf 89' lang='lat' dir='ltr'>habebatur,</span> <span class='ocrx_word' id='word_1_159' title='bbox 853 3336 1026 3412; x_wconf 90' lang='lat' dir='ltr'>quantum</span> <span class='ocrx_word' id='word_1_160' title='bbox 1049 3313 1174 3388; x_wconf 76' lang='lat' dir='ltr'>Caesari</span> <span class='ocrx_word' id='word_1_161' title='bbox 1203 3315 1259 3390; x_wconf 72' lang='lat' dir='ltr'>in*</span> 
     </span>
     <span class='ocr_line' id='line_1_26' title="bbox 254 3432 1239 3534; baseline 0.003 -32"><span class='ocrx_word' id='word_1_162' title='bbox 254 3456 332 3504; x_wconf 91' lang='lat' dir='ltr'>eam</span> <span class='ocrx_word' id='word_1_163' title='bbox 359 3435 489 3510; x_wconf 89' lang='lat' dir='ltr'>liceret.</span> <span class='ocrx_word' id='word_1_164' title='bbox 550 3440 672 3534; x_wconf 87' lang='lat' dir='ltr'>Atque</span> <span class='ocrx_word' id='word_1_165' title='bbox 699 3432 782 3533; x_wconf 88' lang='lat' dir='ltr'>ipsa,</span> <span class='ocrx_word' id='word_1_166' title='bbox 822 3436 936 3510; x_wconf 89' lang='lat' dir='ltr'>donec</span> <span class='ocrx_word' id='word_1_167' title='bbox 962 3436 1088 3510; x_wconf 87' lang='lat' dir='ltr'>mediae</span> <span class='ocrx_word' id='word_1_168' title='bbox 1123 3434 1239 3514; x_wconf 80' lang='lat' dir='ltr'>Pisoni</span> 
     </span>
    </p>

    <p class='ocr_par' dir='ltr' id='par_1_4' title="bbox 146 3548 1297 3894">
     <span class='ocr_line' id='line_1_27' title="bbox 146 3548 1242 3654; baseline -0.005 -23"><span class='ocrx_word' id='word_1_169' title='bbox 146 3627 148 3631; x_wconf 12' lang='grc' dir='ltr'><em>Α</em></span> <span class='ocrx_word' id='word_1_170' title='bbox 254 3548 343 3647; x_wconf 84' lang='lat' dir='ltr'>spes,</span> <span class='ocrx_word' id='word_1_171' title='bbox 373 3553 543 3631; x_wconf 88' lang='lat' dir='ltr'>“sociam</span> <span class='ocrx_word' id='word_1_172' title='bbox 564 3556 597 3630; x_wconf 88' lang='lat' dir='ltr'>se</span> <span class='ocrx_word' id='word_1_173' title='bbox 620 3554 870 3654; x_wconf 88' lang='lat' dir='ltr'>cujuscumque</span> <span class='ocrx_word' id='word_1_174' title='bbox 894 3556 1055 3648; x_wconf 79' lang='lat' dir='ltr'>fortuna,</span> <span class='ocrx_word' id='word_1_175' title='bbox 1077 3558 1118 3627; x_wconf 38' lang='lat'>⁸&amp;</span> <span class='ocrx_word' id='word_1_176' title='bbox 1141 3557 1164 3625; x_wconf 84' lang='lat' dir='ltr'>fi</span> <span class='ocrx_word' id='word_1_177' title='bbox 1191 3554 1242 3626; x_wconf 81' lang='lat' dir='ltr'>ita¹</span> 
     </span>
     <span class='ocr_line' id='line_1_28' title="bbox 257 3669 1236 3776; baseline 0.005 -33"><span class='ocrx_word' id='word_1_178' title='bbox 257 3678 285 3715; x_wconf 91' lang='lat'><strong>“</strong></span> <span class='ocrx_word' id='word_1_179' title='bbox 304 3669 421 3761; x_wconf 86' lang='lat' dir='ltr'>ferret,</span> <span class='ocrx_word' id='word_1_180' title='bbox 453 3678 619 3751; x_wconf 90' lang='lat' dir='ltr'>comitem</span> <span class='ocrx_word' id='word_1_181' title='bbox 647 3677 770 3752; x_wconf 88' lang='lat' dir='ltr'>exitii&#39;’</span> <span class='ocrx_word' id='word_1_182' title='bbox 808 3679 1043 3776; x_wconf 88' lang='lat' dir='ltr'>promittebat.</span> <span class='ocrx_word' id='word_1_183' title='bbox 1101 3675 1156 3746; x_wconf 93' lang='lat' dir='ltr'>Ut</span> <span class='ocrx_word' id='word_1_184' title='bbox 1184 3672 1236 3750; x_wconf 92' lang='lat' dir='ltr'>se-</span> 
     </span>
     <span class='ocr_line' id='line_1_29' title="bbox 254 3781 1297 3894; baseline -0.001 -23"><span class='ocrx_word' id='word_1_185' title='bbox 254 3792 353 3889; x_wconf 73' lang='lat' dir='ltr'>cretis</span> <span class='ocrx_word' id='word_1_186' title='bbox 371 3794 540 3891; x_wconf 84' lang='lat' dir='ltr'>Augustae</span> <span class='ocrx_word' id='word_1_187' title='bbox 558 3799 718 3894; x_wconf 90' lang='lat' dir='ltr'>precibus</span> <span class='ocrx_word' id='word_1_188' title='bbox 735 3781 1068 3882; x_wconf 58' lang='lat' dir='ltr'>veniam⁴obtinuit3</span> <span class='ocrx_word' id='word_1_189' title='bbox 1100 3795 1245 3893; x_wconf 82' lang='lat' dir='ltr'>paulla·.</span> <span class='ocrx_word' id='word_1_190' title='bbox 1293 3810 1297 3814; x_wconf 74' lang='grc'><strong>”</strong></span> 
     </span>
    </p>
   </div>
   <div class='ocr_carea' id='block_1_3' title="bbox 0 0 1402 4724">
    <p class='ocr_par' dir='ltr' id='par_1_5' title="bbox 0 0 1402 4724">
     <span class='ocr_line' id='line_1_30' title="bbox 0 0 1402 4724; baseline 0 1"><span class='ocrx_word' id='word_1_191' title='bbox 0 0 1402 4724; x_wconf 95' lang='lat' dir='ltr'> </span> 
     </span>
    </p>
   </div>
  </div>
 </body>
</html>
