2738 4710
439 353 753 424 Auuumuu
786 350 960 429 Lru.†I.
1159 378 1181 454 5

176 545 263 599 nro
277 520 342 598 sus.
364 524 461 598 Nam
474 522 610 623 'genitos
624 521 799 621 Agrippa,
818 520 944 595 Caium
956 545 996 596 ac
1006 522 1179 618 Lucium,

181 646 232 721 in
261 645 429 720 familiam
458 644 634 720 Caesamm
658 645 845 718 induxerat
851 675 862 731 ;
889 646 1043 718 necdum
1072 650 1180 744 posita

178 766 316 867 puerili
334 768 514 866 praetexti,
535 768 698 866 princtpcs
700 768 885 865 juventutis
900 766 1081 864 appellari,
1101 766 1177 842 des·
1244 856 1247 867 Δ

180 872 296 963 tinari
317 887 485 979 consules,
514 886 629 987 specie
643 885 828 961 recusantis
840 886 1097 988 flagrantissime
1115 915 1177 963 cu·

184 1008 339 1109 piverat.
388 1011 442 1084 Ut
458 1009 620 1109 Agrippa
646 1007 718 1081 vita
745 1009 918 1098 concessit,
946 1010 992 1080 L.
1009 1007 1180 1086 Caesarem
1252 1100 1254 1103 ¹

182 1152 335 1206 euntem
351 1132 395 1205 ad
413 1128 658 1230 Hispanienses
676 1129 861 1220 exercitus,
878 1128 1003 1204 Caium
1022 1154 1177 1209 remean-

182 1273 266 1325 tem
279 1252 458 1344 Armenia,
474 1260 507 1326 δι
518 1254 663 1325 vulnere
679 1250 889 1341 invalidum,
908 1277 1001 1325 mors
1013 1249 1084 1325 sato
1097 1279 1177 1351 pro·

189 1396 296 1470 pera,
308 1375 365 1444 vel
381 1399 537 1446 novercae
553 1372 670 1447 Liviae
689 1374 791 1445 dolus
808 1371 966 1458 abstulit3
993 1371 1179 1472 Drusoque

192 1491 338 1590 pridem
354 1493 534 1583 exstinsto,
545 1496 641 1568 Nero
657 1491 747 1567 solus
760 1517 780 1566 e
793 1490 962 1591 privignis
979 1512 1067 1565 erat:
1095 1492 1180 1567 illuc

193 1613 329 1688 cunsta
354 1637 512 1712 vergere:
553 1613 655 1705 filius,
690 1615 827 1711 collega
855 1610 1007 1709 imperii,
1042 1611 1178 1686 consors

192 1731 395 1807 tribuniciae
406 1733 576 1831 potestatis
588 1732 792 1824 adsumitur,
805 1729 995 1831 omnesque
1009 1759 1070 1831 per
1078 1759 1178 1807 exer-

192 1853 291 1929 citus
306 1855 507 1928 ostentatur:
533 1882 602 1929 non
615 1855 781 1946 obscuris,
800 1876 839 1930 ut
850 1875 964 1945 antea,
983 1854 1101 1928 matris
1124 1882 1177 1929 ar·

194 1975 305 2066 tibus,
323 1974 380 2049 sed
397 1979 512 2076 palam
529 1979 679 2052 hortatu.
729 1979 826 2051 Nam
842 1974 958 2049 senem
976 1977 1180 2075 Augustum

191 2096 398 2172 devinxerat
422 2096 524 2190 adeo,
544 2099 597 2172 uti
617 2119 781 2197 nepotem
797 2097 958 2188 unicum,
978 2097 1180 2197 Agrippam

189 2215 412 2311 Postumum,
427 2220 464 2294 in
474 2218 622 2295 insulam
632 2220 823 2293 Planasiam
837 2215 1033 2317 projiceret:
1052 2224 1178 2296 rudem

189 2337 270 2416 sane
295 2343 467 2416 bonarum
489 2342 632 2434 artium,
664 2344 698 2413 &
727 2342 850 2415 robore
878 2340 1030 2438 corporis
1055 2341 1178 2416 stolide

98 2502 102 2508 ·
191 2457 357 2554 ferocem,
371 2462 501 2543 nullius
514 2483 632 2537 tamen
645 2462 768 2562 flagitii
785 2483 1018 2560 compertum.
1036 2467 1086 2536 At
1099 2465 1177 2538 her-

193 2582 273 2654 cul&
286 2583 658 2660 GermanicumDruso
668 2606 798 2675 ortum,
810 2586 890 2657 osto
901 2584 997 2682 apud
1008 2584 1179 2658 Rhenum

192 2702 391 2806 segionibua
416 2705 594 2807 imposuit,
622 2704 813 2805 adscirique
838 2731 898 2802 per
913 2703 1140 2802 adoptionem
1158 2729 1180 2774 a

190 2824 338 2899 Tiberio
360 2825 470 2926 juffit,
499 2814 718 2925 quamquam
746 2829 827 2900 esset
854 2825 891 2896 in
907 2824 1017 2896 domo
1043 2821 1180 2895 Tiberii

194 2944 590 3046 filiusjuvenis,sedqui›
602 2948 758 3046 pluribus
768 2939 994 3020 munimentis
1005 2941 1177 3016 insisteret.

125 3050 131 3059 ’
191 3065 334 3137 Bellum
352 3067 392 3139 es
414 3070 613 3163 tempestate
640 3073 793 3159 nullum,
826 3065 887 3139 nisa
909 3065 1072 3138 adversus
1089 3065 1177 3136 Ger-

191 3210 319 3259 manos
351 3182 543 3285 supererat:
581 3192 761 3265 abolendae
791 3187 902 3286 magis
930 3183 1097 3274 insamiae,
1131 3187 1180 3259 ob
1261 3260 1262 3264 ,

190 3306 357 3382 amissum
387 3334 471 3383 cum
496 3309 691 3410 Qrinffilio
718 3314 811 3384 Varo
836 3308 1044 3395 exercitum,
1069 3303 1179 3402 quam
1243 3410 1245 3414 k
1305 3366 1308 3371 .

186 3428 358 3527 cupidine
376 3416 573 3528 proferendi
596 3432 747 3530 imperii,
773 3452 832 3505 aut
857 3430 1008 3528 dignum
1024 3427 1073 3500 ob
1090 3452 1177 3523 prae-

184 3549 314 3624 mium.
329 3551 454 3625 'Domi
472 3578 523 3626 res
537 3553 755 3649 tranquilla:
775 3555 898 3625 eadem
916 3547 1179 3648 magistratuum

184 3674 374 3750 vocabula.
413 3673 576 3770 Juniores
588 3673 663 3772 post
673 3667 1178 3761 Auiacamriuoriametiam

715 3796 744 3867 Β
771 3821 790 3892 a
