2834 4732
394 349 708 417 Anunmuu
741 343 856 414 Lra.
889 342 935 413 ΙΙ.
1087 371 1151 420 101

174 524 310 624 gotium
323 520 481 594 Sallustio
493 521 632 619 Crispo:
657 519 943 595 illeeclientibus
954 520 1043 592 duos
1056 521 1153 619 (qui-

173 649 257 727 darn
274 642 403 716 milites
419 640 517 715 fuisse
530 644 691 737 tradunt)
710 642 848 740 deligit,
866 661 972 740 atque
988 641 1155 734 hortatur,

93 812 95 815 v
174 767 332 841 fimulatfi
348 762 556 837 conscientia
573 764 715 854 adeant,
733 763 879 835 offerant
897 761 1096 858 pecuniam,
1116 766 1157 835 li-

172 889 256 960 dem
273 885 381 984 atq'ue
398 885 552 983 pericula
568 876 807 981 polliceantur.
854 881 1104 980 Exsequuntur
1121 904 1159 975 ut

166 1006 300 1105 jussum
323 1027 416 1080 erat:
444 1005 526 1079 dein
548 1003 715 1102 speculati
728 1006 877 1077 *nostem
898 1003 1155 1094 incustoditam,

174 1130 319 1226 acceptas
334 1127 460 1200 idoned
479 1153 600 1216 manu,
626 1125 787 1198 vindum
800 1124 915 1198 clauso
932 1150 990 1197 ore
1007 1125 1042 1197 in
1060 1128 1156 1222 pala-

173 1249 264 1323 tium
281 1250 429 1322 traxere.
480 1246 724 1321 Percunclanti
740 1245 897 1336 Tiberio,
923 1253 950 1287 “
1002 1247 1158 1318 uomodo

177 1376 206 1413 ‘⁶
227 1370 388 1466 Agrippa
398 1367 508 1440 sadus
519 1367 650 1449 esl'ets?”
668 1365 875 1464 respondisse
885 1365 1007 1456 fertur,
1022 1374 1033 1408 ‘
1039 1370 1158 1465 ‘Qro-

178 1496 208 1532 “
227 1490 336 1563 modo
352 1509 391 1561 tu
408 1488 555 1566 Caesar.'’
604 1491 657 1562 Ut
674 1490 789 1561 ederet
806 1486 928 1576 socios,
956 1485 1070 1584 subigi
1087 1515 1160 1562 non

178 1608 318 1708 potuit:
345 1636 409 1685 nec
419 1610 584 1692 Tiberius
599 1625 741 1708 poenam
753 1608 825 1708 ejus
842 1611 959 1706 palam
976 1606 1096 1695 ausus;
1123 1609 1159 1682 in

176 1730 302 1805 secrete
320 1732 436 1829 palatii
455 1753 550 1829 parte
568 1731 715 1804 interfici
727 1728 835 1828 jussit,
857 1727 1050 1826 corpusque
1067 1733 1160 1803 clam

175 1852 320 1926 auferri:
354 1858 387 1926 δι
416 1879 634 1951 quamquam
661 1852 761 1926 multi
789 1877 809 1925 e
836 1853 945 1931 domo
972 1850 1158 1949 Principis,

179 1973 383 2073 equitesque
398 2003 438 2049 ac
455 1974 639 2065 senatores,
666 1972 861 2048 sustentasse
877 1973 1017 2073 opibus,
1034 1972 1160 2072 juvisse

176 2095 323 2169 confiliis
339 2096 554 2187 dicerentur,
574 2097 668 2169 haud
687 2099 882 2194 quaefitum.

223 2218 325 2292 XLI.
350 2220 381 2291 F
384 2244 454 2292 ma
473 2218 571 2308 anni,
602 2244 701 2291 arcus
718 2241 860 2317 propter
877 2223 991 2293 aedem
1008 2220 1158 2309 Saturni,

176 2341 224 2413 ob
252 2359 390 2438 recepta
414 2343 511 2439 signa
539 2365 622 2412 curn
653 2341 746 2413 Varo
775 2340 908 2431 amissa,
936 2344 1045 2415 dudo
1073 2344 1161 2412 Ger-

177 2462 319 2551 manici,
337 2459 500 2558 auspiciis
516 2460 652 2535 Tiberii
669 2492 680 2548 3
708 2466 742 2535 &
758 2462 849 2535 aedes
868 2462 980 2536 Fortis
997 2464 1162 2535 Fortunae

176 2581 339 2654 Tiberim
355 2579 461 2678 juxta
481 2581 518 2657 in
540 2583 673 2675 hortis,
687 2610 776 2681 quos
797 2582 910 2657 Caesar
929 2584 1078 2657 didator
1098 2607 1161 2678 po·

180 2701 265 2796 pulo
290 2703 456 2775 Romano
481 2704 683 2802 legaverat3
714 2703 897 2779 sacrarium
925 2704 1019 2803 genti
1043 2702 1160 2799 Juliae,

77 2832 80 2835 ’
179 2819 379 2921 effigiesque
399 2824 486 2898 divo
504 2827 666 2925 Augusto
689 2830 784 2925 apud
801 2826 967 2913 Bovillas,
990 2824 1162 2896 dicantur.

180 2942 223 3015 C.
240 2944 398 3034 Caecilio,
420 2949 467 3019 L.
484 2949 685 3046 Pomponio
702 2947 912 3037 consulibus,
933 2947 1163 3020 Germanicus

154 3092 159 3101 ·
180 3061 296 3136 Caesar
314 3090 352 3136 n.
372 3090 409 3137 u.
428 3092 504 3139 vrr.
537 3070 712 3143 Kalendas
731 3068 852 3165 Junias
869 3068 1100 3166 triumphavit
1119 3070 1163 3139 de

180 3183 361 3258 Cheruscis
387 3186 564 3286 Cattisque
588 3193 620 3264 bc
647 3191 883 3289 Angrivariis,
914 3214 1064 3289 quaeque
1089 3188 1163 3262 alia

182 3304 339 3380 nationes
365 3305 545 3407 usquead
572 3311 698 3385 Albim
729 3315 873 3386 colunt:
915 3314 1014 3384 vecla
1040 3310 1162 3408 spolia,

181 3425 329 3523 captivi,
364 3432 545 3504 simulacra
576 3431 769 3523 montium,
806 3433 1008 3523 fluminum,
1045 3433 1163 3531 proeli-
1206 3426 1212 3440 ⁸

87 3579 93 3586 ·
180 3573 308 3620 orum:
336 3550 555 3649 bellumque,
575 3552 658 3649 quia
674 3557 846 3628 conficere
864 3554 1060 3650 prohibitus
1077 3577 1163 3644 erat,

182 3693 245 3764 pro
273 3669 436 3743 confesso
470 3670 730 3769 accipiebatur:
767 3678 919 3774 augebat
952 3676 1163 3751 intuentium

183 3785 272 3864 visus
294 3791 425 3886 eximia
447 3792 551 3891 i'pfius
572 3791 714 3891 species,
741 3798 928 3898 currusque
949 3799 1106 3905 quinque
1123 3795 1163 3869 ri„

603 3917 688 4019 Hs
