2776 4724
156 307 158 316 Ι
273 361 318 435 32
520 326 1036 435 C.Connnr11‘Tnc1r1

270 510 391 585 scelere
403 505 709 594 contaminaretur,
737 527 892 601 praeceps
909 498 1073 575 tribunali
1088 499 1250 576 desiluit:

270 628 506 728 opposuerunt
528 625 670 699 abeunti
694 650 804 715 arma,
831 621 1041 712 minitantes,
1071 621 1108 694 ni
1133 649 1253 722 regre-s

266 751 416 823 deretur.
468 752 517 820 At
534 747 590 819 ille
614 746 865 819 “moriturum
879 743 994 842 potius
1020 743 1127 840 quim
1140 745 1252 818 fidem
1335 774 1355 784 ’-

266 874 294 910 “
308 869 476 942 exueret”
504 866 698 956 clamitans,
736 864 867 939 ferrum
905 892 925 938 a
961 865 1066 938 latere
1091 864 1249 962 diripuit,

264 990 465 1087 elatumque
489 987 668 1061 deserebat
693 987 729 1060 in
754 989 886 1084 pestus,
910 986 946 1060 ni
972 986 1124 1084 proximi
1146 1012 1252 1084 pren-

264 1105 335 1181 sam
358 1109 521 1181 dextram
552 1108 587 1179 vi
615 1108 837 1181 attinuillent.
898 1110 1067 1181 Extrema
1101 1112 1135 1181 δι
1163 1133 1250 1181 con·
1325 1127 1329 1132 ’

266 1230 410 1328 globata
433 1228 522 1300 inter
544 1227 577 1301 se
602 1254 681 1324 pars
701 1229 892 1319 concionis,
933 1255 973 1301 ac
998 1228 1059 1302 vix
1086 1229 1252 1301 credibile
1328 1252 1333 1259 ·

263 1349 375 1438 dictu,
383 1348 528 1447 quidam
541 1349 665 1447 smguli
678 1349 820 1447 propius
830 1349 1044 1439 incedentes,
1059 1354 1089 1401 4‘
1097 1345 1252 1438 feriret,''

247 1470 521 1543 hortabantur:
548 1474 581 1542 &
611 1470 724 1561 miles,
751 1470 893 1543 nomine
917 1469 1124 1557 Calusidius,
1158 1468 1254 1542 stric-

265 1610 344 1662 tum
372 1589 501 1662 obtulit
530 1589 702 1688 gladium,
729 1590 866 1681 addito,
898 1599 926 1634 “
943 1590 1135 1664 acutiorem
1152 1591 1253 1663 elle.''

264 1707 409 1782 Saevum
421 1709 471 1799 id,
487 1710 640 1807 malique
652 1710 772 1799 moris,
791 1710 896 1784 etiam
907 1709 1103 1784 furentibus
1115 1709 1227 1783 visum
1242 1739 1253 1796 ;

262 1855 303 1902 ac
325 1827 474 1926 spatium
497 1827 577 1918 fuit,
602 1857 674 1928 quo
689 1830 804 1908 Caesar
821 1834 867 1905 ab
889 1830 1011 1907 amicis
1032 1831 1068 1904 in
1093 1834 1251 1906 taberna·

264 1949 384 2022 culum
415 1968 603 2044 raperetur.

312 2067 487 2142 XXXVI.
512 2068 821 2146 Consusrnrunr
842 2069 890 2143 ibi
907 2071 953 2142 de
971 2069 1152 2144 remedio:
1180 2091 1250 2145 ete-

264 2187 338 2262 nim
355 2187 576 2263 nuntiabatur
599 2196 626 2231 “
647 2189 757 2285 parari
774 2189 920 2287 legatos,
951 2189 1011 2286 qui
1034 2188 1249 2287 superiorem

263 2316 291 2353 “
304 2308 498 2385 exercitum
521 2309 567 2382 ad
590 2306 726 2383 causam
743 2310 906 2383 eamdem
918 2311 1119 2384 traherent:
1143 2312 1251 2385 desti-

263 2437 291 2472 “
309 2451 431 2504 natum
444 2429 582 2505 excidio
605 2431 786 2506 Ubiorum
802 2432 1002 2530 oppidum:
1030 2431 1253 2530 imbutasque

248 2556 293 2635 ,“
312 2552 431 2647 praeds
455 2578 591 2642 manus,
613 2552 659 2640 ,in
680 2552 916 2651 direptionem
938 2552 1133 2630 Galliarum
1149 2579 1255 2650 erup·

266 2676 294 2712 “
312 2673 442 2744 turas.''
493 2675 662 2771 Augebat
688 2695 823 2748 metum
848 2692 977 2773 gnarus
1004 2666 1180 2747 Romanae
1205 2671 1256 2747 se-

262 2789 417 2881 ditionis,
442 2795 493 2882 br,
518 2797 540 2866 sr
565 2794 783 2868 omitteretur
811 2795 899 2893 ripa,
928 2793 1106 2869 invasurus
1136 2794 1255 2866 hostis.

265 2914 315 2982 At
339 2915 361 2984 fi
389 2913 563 2988 auxilia&
579 2913 660 2988 socii
683 2917 871 2990 adversum
893 2914 1117 2991 abscedentes
1142 2916 1257 3015 legio·

205 3025 210 3036 '
265 3054 348 3102 ones
362 3044 594 3125 armarentur,
612 3036 714 3111 civile
727 3039 861 3113 bellum
878 3036 1013 3135 suscipi.
1063 3035 1260 3110 Periculosa

264 3147 435 3240 severitas,
465 3154 634 3250 flagitiosa
656 3158 821 3254 largitio:
858 3158 916 3232 seu
950 3157 1038 3230 nihil
1063 3156 1176 3246 militi,
1200 3155 1258 3229 seu

263 3271 383 3342 omnia
395 3273 683 3365 concederentur,
700 3276 736 3348 in
749 3277 891 3374 ancipiti
906 3276 1111 3374 respublica.
1129 3277 1264 3391 Igitur,

265 3385 427 3461 volutatis
443 3390 532 3465 inter
550 3391 583 3465 se
601 3395 806 3487 rationibus,
834 3398 1016 3495 placitum,
1042 3380 1082 3470 ur
1104 3397 1258 3492 epistolae

265 3503 408 3575 nomine
425 3509 596 3607 Principis
619 3513 871 3599 scriberentur:
914 3516 1149 3592 “missionem
1182 3514 1258 3589 dari

266 3628 293 3661 “
312 3618 434 3691 vicena
449 3623 618 3719 stipendia
636 3636 781 3728 meritis,
808 3638 1024 3726 exatrsiorari
1041 3636 1102 3734 qui
1115 3635 1257 3709 senade-

267 3746 293 3784 “
312 3763 357 3810 na
381 3734 546 3831 fecissent,
569 3774 610 3846 ac
639 3755 777 3829 retineri
806 3756 870 3832 sub
885 3756 1031 3848 vexi110,
1059 3776 1259 3843 ceterorum
