2796 4724
251 353 331 429 ¹52·
466 313 1063 433 C.'Conusnrr‘Tn5c1r'r

248 513 278 575 ,“
297 523 474 580 manerent
490 504 527 576 :’'
554 509 587 578 δι
605 508 662 579 Μ.
677 501 840 578 Pisonem
861 500 1064 603 ignominiae
1085 503 1231 594 exemit,
1287 521 1292 528 ’

247 627 478 722 concessitque
489 625 521 698 ei
535 644 677 722 patema
688 627 804 712 bona3
831 624 908 699 satis
923 628 1058 713 firmus,
1084 644 1122 696 ut
1139 623 1230 722 saepe

245 745 450 834 memoravi,
479 746 668 819 adversbm
696 738 895 843 pecuniam,
929 751 962 819 δι
991 767 1068 819 turn
1095 746 1230 843 pudore

244 862 406 938 absolutae
419 866 594 939 Plancina
608 868 822 964 placabilior.
874 872 994 965 Atque
1007 866 1118 955 idem,
1145 864 1229 938 cum

196 1024 199 1032 ,
245 985 399 1060 Valerius
432 987 638 1062 Messalinus
677 994 704 1031 “
723 993 860 1088 signum
891 1012 1036 1062 aureum
1079 985 1114 1060 in
1153 985 1230 1058 aede

131 1142 135 1155 ¹
245 1114 273 1150 “
290 1106 414 1181 Martis
428 1107 566 1181 Ultoris
579 1110 615 1193 ;”
641 1110 782 1183 Caecina
793 1111 940 1183 Severus
958 1114 1097 1180 “aram
1108 1104 1228 1179 Ultio-

244 1233 272 1268 “
289 1225 325 1299 ni
335 1227 579 1301 stamendam’'
591 1226 808 1321 censuissent,
837 1228 1035 1330 prohibuit:
1064 1235 1092 1271 “
1106 1230 1229 1302 obex-

243 1353 273 1391 “
291 1368 405 1421 ternas
422 1375 463 1426 ea
478 1349 637 1423 vidorias
649 1348 793 1424 sacrari²’
818 1350 993 1440 dissitam,
1021 1356 1048 1392 “
1066 1344 1230 1422 domesti-

243 1475 272 1511 “
290 1494 332 1542 ca
343 1472 436 1543 mala
447 1469 810 1568 tristitisoperienda.”
861 1471 1058 1545 Addiderat
1075 1465 1231 1544 Messali-

242 1615 322 1679 nus,
363 1596 391 1631 “
419 1589 580 1680 Tiberio,
618 1596 652 1665 ὅτ
682 1592 867 1691 Augustae,
907 1597 941 1665 δι
973 1588 1155 1679 Antonia,
1194 1592 1228 1661 &

237 1711 273 1751 ‘⁴‘
292 1709 501 1809 Agrippinae
517 1712 716 1811 Drusoque,
743 1716 792 1788 ob
804 1712 999 1787 vindislam
1011 1708 1228 1813 Germanici,

244 1838 276 1904 “.
291 1852 405 1929 grates
427 1833 624 1930 agendas,'’
654 1833 883 1932 omiseratque
912 1831 1051 1909 Claudii
1079 1829 1230 1904 mentio·

241 1950 350 2024 nem':
380 1956 414 2025 δι
431 1954 658 2029 Messalinum
672 1954 817 2051 quidem
834 1955 885 2049 L,
899 1953 1086 2051 Asprenas,
1112 1949 1232 2025 senatu

154 2054 164 2139 s
242 2096 376 2161 coram,
395 2074 712 2168 percundtatusest,
729 2078 809 2145 “an
821 2075 975 2169 prudens
987 2070 1230 2169 pratenffet?”

242 2217 282 2266 ac
311 2211 389 2266 tum
418 2193 566 2269 demum
598 2219 729 2266 nornen
757 2191 896 2268 Claudii
925 2188 1138 2286 adscriptum
1165 2189 1228 2267 est,

174 2353 176 2361 κ
242 2311 352 2403 Mihi,
379 2312 512 2411 quanto
540 2316 639 2412 plura
664 2297 872 2404 recentium,
900 2309 958 2386 seu
984 2329 1144 2387 veterum
1171 2334 1227 2383 re-

242 2436 369 2525 volvo,
412 2433 509 2508 tantd
541 2433 654 2534 magis
686 2433 837 2509 ludibria
852 2428 988 2508 'rerum
1021 2430 1227 2506 mortalium

162 2540 167 2545 ⁸
241 2554 377 2628 cuneus
410 2554 446 2633 in
479 2555 627 2654 nogotiis
659 2554 914 2631 obversantur:
954 2552 1088 2653 quippe
1121 2550 1228 2643 fami,

241 2674 316 2774 spe,
343 2675 565 2754 veneratione
588 2677 702 2775 potius
730 2702 854 2751 omnes
879 2674 1140 2751 destinabantur
1163 2673 1231 2752 im-

243 2797 355 2894 perio,
389 2797 498 2897 quim
521 2823 630 2895 quem
646 2795 804 2888 futurum
822 2796 1018 2896 principem
1035 2794 1177 2873 fortuna
1194 2795 1232 2868 in

242 2920 382 2991 occulto
398 2920 548 2996 tenebat.

292 3040 394 3113 XIX.
420 3041 572 3114 Pnucrs
591 3039 669 3137 pdst
684 3040 810 3116 diebus
825 3041 940 3116 Caesar
955 3043 1077 3115 audlor
1102 3039 1231 3116 senatui

141 3178 145 3195 ’
243 3159 321 3250 fuit,
351 3166 378 3202 “
398 3159 554 3251 Vitellio,
581 3181 688 3260 atque
705 3162 872 3253 Veranio,
900 3169 934 3238 δι
960 3165 1109 3237 Servaeo'
1123 3161 1230 3238 sacer-
1268 3215 1278 3227 .

246 3285 274 3321 “
293 3281 389 3354 dotia
401 3279 575 3355 tribuendi
593 3282 630 3354 :³⁹
655 3282 819 3357 Fulcinio
834 3291 873 3326 '“
891 3281 1095 3382 suffragium
1108 3283 1153 3357 ad
1166 3284 1230 3356 bo·
1333 3357 1337 3367 f

244 3404 273 3444 “
291 3404 415 3474 nores''
433 3401 621 3500 pollicitus,
649 3403 798 3494 monuit,
828 3410 857 3452 “
876 3431 921 3478 ne
937 3403 1141 3479 facundiam
1155 3403 1230 3478 vio·

245 3523 275 3565 “
302 3518 406 3593 lentis
423 3522 687 3622 praecipitaret.''
725 3526 759 3598 ls
772 3524 851 3599 finis
863 3524 930 3598 fuit
939 3523 1133 3601 ulciscendas
1143 3525 1230 3595 Ger-

244 3636 373 3713 manici
396 3664 523 3736 morte,
550 3670 623 3718 non
640 3645 750 3724 modo
766 3647 861 3743 apud
876 3646 954 3720 illos
971 3645 1140 3732 homines,
1168 3640 1230 3740 qui

241 3781 319 3853 tum
346 3761 513 3860 agebant,
540 3765 643 3844 etiam
664 3766 787 3842 secutis
809 3768 1025 3870 temporibus
1050 3763 1146 3845 vario
1162 3789 1228 3866 nru·
