<?xml version="1.0" encoding="UTF-8"?>
<!DOCTYPE html PUBLIC "-//W3C//DTD XHTML 1.0 Transitional//EN"
    "http://www.w3.org/TR/xhtml1/DTD/xhtml1-transitional.dtd">
<html xmlns="http://www.w3.org/1999/xhtml" xml:lang="en" lang="en">
 <head>
  <title>
</title>
<meta http-equiv="Content-Type" content="text/html;charset=utf-8" />
  <meta name='ocr-system' content='tesseract 3.04.00' />
  <meta name='ocr-capabilities' content='ocr_page ocr_carea ocr_par ocr_line ocrx_word'/>
</head>
<body>
  <div class='ocr_page' id='page_1' title='image "./ccorneliitaciti00freigoog_0137.png"; bbox 0 0 2834 4732; ppageno 0'>
   <div class='ocr_carea' id='block_1_1' title="bbox 264 295 1046 408">
    <p class='ocr_par' dir='ltr' id='par_1_1' title="bbox 264 295 1046 408">
     <span class='ocr_line' id='line_1_1' title="bbox 264 295 1046 408; baseline 0.001 -1"><span class='ocrx_word' id='word_1_1' title='bbox 264 302 309 407; x_wconf 83' lang='lat'>86</span> <span class='ocrx_word' id='word_1_2' title='bbox 390 330 394 336; x_wconf 79' lang='grc'><strong>’</strong></span> <span class='ocrx_word' id='word_1_3' title='bbox 509 331 816 407; x_wconf 75' lang='lat' dir='ltr'>C.Conunn11</span> <span class='ocrx_word' id='word_1_4' title='bbox 844 295 1046 408; x_wconf 62' lang='grc' dir='ltr'>ΤΑειτιι</span> 
     </span>
    </p>
   </div>
   <div class='ocr_carea' id='block_1_2' title="bbox 193 500 1325 2528">
    <p class='ocr_par' dir='ltr' id='par_1_2' title="bbox 260 500 1253 606">
     <span class='ocr_line' id='line_1_2' title="bbox 260 500 1253 606; baseline 0.007 -26"><span class='ocrx_word' id='word_1_5' title='bbox 260 508 361 582; x_wconf 90' lang='lat' dir='ltr'>vibus</span> <span class='ocrx_word' id='word_1_6' title='bbox 387 505 540 606; x_wconf 9' lang='lat' dir='ltr'>superne,</span> <span class='ocrx_word' id='word_1_7' title='bbox 559 506 684 581; x_wconf 72' lang='lat' dir='ltr'>idibus</span> <span class='ocrx_word' id='word_1_8' title='bbox 701 508 1000 583; x_wconf 76' lang='lat' dir='ltr'>conflislabantur.</span> <span class='ocrx_word' id='word_1_9' title='bbox 1041 511 1147 584; x_wconf 85' lang='lat' dir='ltr'>Senfit</span> <span class='ocrx_word' id='word_1_10' title='bbox 1164 500 1253 587; x_wconf 54' lang='lat' dir='ltr'>dux&#39;</span> 
     </span>
    </p>

    <p class='ocr_par' dir='ltr' id='par_1_3' title="bbox 185 618 1325 1807">
     <span class='ocr_line' id='line_1_3' title="bbox 231 618 1325 728; baseline 0.004 -24"><span class='ocrx_word' id='word_1_11' title='bbox 231 702 234 703; x_wconf 19' lang='lat' dir='ltr'><strong><em>f</em></strong></span> <span class='ocrx_word' id='word_1_12' title='bbox 262 630 428 724; x_wconf 85' lang='lat' dir='ltr'>imparem</span> <span class='ocrx_word' id='word_1_13' title='bbox 455 627 615 701; x_wconf 90' lang='lat' dir='ltr'>cominus</span> <span class='ocrx_word' id='word_1_14' title='bbox 641 655 814 726; x_wconf 88' lang='lat' dir='ltr'>pugnarn,</span> <span class='ocrx_word' id='word_1_15' title='bbox 845 629 1051 728; x_wconf 86' lang='lat' dir='ltr'>remotisque</span> <span class='ocrx_word' id='word_1_16' title='bbox 1069 618 1236 726; x_wconf 41' lang='lat' dir='ltr'>&#39;paullum</span> <span class='ocrx_word' id='word_1_17' title='bbox 1273 653 1279 672; x_wconf 61' lang='lat'>⁸</span> <span class='ocrx_word' id='word_1_18' title='bbox 1320 618 1325 623; x_wconf 25' lang='lat'><em>⁶</em></span> 
     </span>
     <span class='ocr_line' id='line_1_4' title="bbox 259 747 1235 848; baseline 0.006 -28"><span class='ocrx_word' id='word_1_19' title='bbox 259 747 465 845; x_wconf 82' lang='lat' dir='ltr'>legionibus,</span> <span class='ocrx_word' id='word_1_20' title='bbox 492 747 681 821; x_wconf 88' lang='lat' dir='ltr'>funditores</span> <span class='ocrx_word' id='word_1_21' title='bbox 702 749 948 848; x_wconf 88' lang='lat' dir='ltr'>libratoresque</span> <span class='ocrx_word' id='word_1_22' title='bbox 970 770 1128 825; x_wconf 84' lang='lat' dir='ltr'>excutere</span> <span class='ocrx_word' id='word_1_23' title='bbox 1151 756 1235 842; x_wconf 88' lang='lat' dir='ltr'>tela,</span> 
     </span>
     <span class='ocr_line' id='line_1_5' title="bbox 261 868 1236 968; baseline 0.003 -27"><span class='ocrx_word' id='word_1_24' title='bbox 261 874 293 941; x_wconf 64' lang='grc' dir='ltr'>ἃ</span> <span class='ocrx_word' id='word_1_25' title='bbox 325 871 528 965; x_wconf 84' lang='lat' dir='ltr'>proturbare</span> <span class='ocrx_word' id='word_1_26' title='bbox 556 868 691 941; x_wconf 90' lang='lat' dir='ltr'>hostem</span> <span class='ocrx_word' id='word_1_27' title='bbox 713 868 837 968; x_wconf 90' lang='lat' dir='ltr'>jubet:</span> <span class='ocrx_word' id='word_1_28' title='bbox 875 870 981 943; x_wconf 83' lang='lat' dir='ltr'>missae</span> <span class='ocrx_word' id='word_1_29' title='bbox 1009 897 1029 943; x_wconf 91' lang='lat' dir='ltr'>e</span> <span class='ocrx_word' id='word_1_30' title='bbox 1055 873 1236 945; x_wconf 88' lang='lat' dir='ltr'>tormentis</span> 
     </span>
     <span class='ocr_line' id='line_1_6' title="bbox 257 988 1234 1090; baseline 0.001 -28"><span class='ocrx_word' id='word_1_31' title='bbox 257 989 376 1078; x_wconf 79' lang='lat' dir='ltr'>hastae,</span> <span class='ocrx_word' id='word_1_32' title='bbox 407 988 607 1086; x_wconf 79' lang='lat' dir='ltr'>quantoque</span> <span class='ocrx_word' id='word_1_33' title='bbox 636 989 813 1086; x_wconf 87' lang='lat' dir='ltr'>conspicui</span> <span class='ocrx_word' id='word_1_34' title='bbox 847 991 960 1089; x_wconf 90' lang='lat' dir='ltr'>magis</span> <span class='ocrx_word' id='word_1_35' title='bbox 994 1012 1234 1090; x_wconf 91' lang='lat' dir='ltr'>propugnato-</span> 
     </span>
     <span class='ocr_line' id='line_1_7' title="bbox 258 1096 1236 1211; baseline 0.004 -30"><span class='ocrx_word' id='word_1_36' title='bbox 258 1135 325 1197; x_wconf 87' lang='lat' dir='ltr'>res,</span> <span class='ocrx_word' id='word_1_37' title='bbox 358 1107 455 1180; x_wconf 81' lang='lat' dir='ltr'>tantb</span> <span class='ocrx_word' id='word_1_38' title='bbox 490 1096 646 1205; x_wconf 85' lang='lat' dir='ltr'>pluribus</span> <span class='ocrx_word' id='word_1_39' title='bbox 679 1111 880 1184; x_wconf 90' lang='lat' dir='ltr'>vulneribus</span> <span class='ocrx_word' id='word_1_40' title='bbox 909 1110 1042 1211; x_wconf 78' lang='lat' dir='ltr'>dejesli.</span> <span class='ocrx_word' id='word_1_41' title='bbox 1100 1113 1236 1185; x_wconf 88' lang='lat' dir='ltr'>Primus</span> 
     </span>
     <span class='ocr_line' id='line_1_8' title="bbox 258 1228 1235 1328; baseline 0.004 -27"><span class='ocrx_word' id='word_1_42' title='bbox 258 1228 369 1301; x_wconf 82' lang='lat' dir='ltr'>Caesar</span> <span class='ocrx_word' id='word_1_43' title='bbox 385 1255 468 1327; x_wconf 82' lang='lat' dir='ltr'>cum</span> <span class='ocrx_word' id='word_1_44' title='bbox 486 1230 650 1326; x_wconf 84' lang='lat' dir='ltr'>praetoriis</span> <span class='ocrx_word' id='word_1_45' title='bbox 673 1231 887 1320; x_wconf 85' lang='lat' dir='ltr'>cohortibus,</span> <span class='ocrx_word' id='word_1_46' title='bbox 913 1253 1016 1328; x_wconf 92' lang='lat' dir='ltr'>capto</span> <span class='ocrx_word' id='word_1_47' title='bbox 1037 1233 1143 1322; x_wconf 89' lang='lat' dir='ltr'>vallo,</span> <span class='ocrx_word' id='word_1_48' title='bbox 1174 1233 1235 1305; x_wconf 91' lang='lat' dir='ltr'>de-</span> 
     </span>
     <span class='ocr_line' id='line_1_9' title="bbox 256 1349 1236 1449; baseline 0.003 -28"><span class='ocrx_word' id='word_1_49' title='bbox 256 1349 308 1449; x_wconf 84' lang='lat' dir='ltr'>dit</span> <span class='ocrx_word' id='word_1_50' title='bbox 333 1350 504 1446; x_wconf 85' lang='lat' dir='ltr'>impetum</span> <span class='ocrx_word' id='word_1_51' title='bbox 529 1349 565 1422; x_wconf 92' lang='lat' dir='ltr'>in</span> <span class='ocrx_word' id='word_1_52' title='bbox 588 1352 709 1423; x_wconf 81' lang='lat' dir='ltr'>silvas:</span> <span class='ocrx_word' id='word_1_53' title='bbox 736 1353 875 1424; x_wconf 89' lang='lat' dir='ltr'>conlato</span> <span class='ocrx_word' id='word_1_54' title='bbox 897 1351 967 1425; x_wconf 92' lang='lat' dir='ltr'>illic</span> <span class='ocrx_word' id='word_1_55' title='bbox 997 1354 1106 1449; x_wconf 85' lang='lat' dir='ltr'>gradu</span> <span class='ocrx_word' id='word_1_56' title='bbox 1131 1373 1236 1424; x_wconf 87' lang='lat' dir='ltr'>certa-</span> 
     </span>
     <span class='ocr_line' id='line_1_10' title="bbox 193 1471 1237 1575; baseline 0.005 -34"><span class='ocrx_word' id='word_1_57' title='bbox 193 1494 200 1510; x_wconf 84' lang='lat'><strong>·</strong></span> <span class='ocrx_word' id='word_1_58' title='bbox 252 1490 357 1565; x_wconf 86' lang='lat' dir='ltr'>tum:</span> <span class='ocrx_word' id='word_1_59' title='bbox 394 1471 528 1542; x_wconf 87' lang='lat' dir='ltr'>hostem</span> <span class='ocrx_word' id='word_1_60' title='bbox 559 1497 578 1542; x_wconf 84' lang='lat' dir='ltr'>a</span> <span class='ocrx_word' id='word_1_61' title='bbox 610 1492 711 1568; x_wconf 85' lang='lat' dir='ltr'>tergo</span> <span class='ocrx_word' id='word_1_62' title='bbox 745 1473 856 1574; x_wconf 81' lang='lat' dir='ltr'>palus,</span> <span class='ocrx_word' id='word_1_63' title='bbox 893 1476 1073 1575; x_wconf 86' lang='lat' dir='ltr'>Romanos</span> <span class='ocrx_word' id='word_1_64' title='bbox 1106 1475 1237 1546; x_wconf 89' lang='lat' dir='ltr'>flumen</span> 
     </span>
     <span class='ocr_line' id='line_1_11' title="bbox 257 1590 1235 1689; baseline 0.007 -29.52"><span class='ocrx_word' id='word_1_65' title='bbox 257 1613 316 1663; x_wconf 86' lang='lat' dir='ltr'>aut</span> <span class='ocrx_word' id='word_1_66' title='bbox 336 1613 470 1668; x_wconf 87' lang='lat' dir='ltr'>montes</span> <span class='ocrx_word' id='word_1_67' title='bbox 488 1592 719 1664; x_wconf 86' lang='lat' dir='ltr'>claudebant:</span> <span class='ocrx_word' id='word_1_68' title='bbox 747 1590 899 1689; x_wconf 88' lang='lat' dir='ltr'>utrisque</span> <span class='ocrx_word' id='word_1_69' title='bbox 926 1595 1098 1666; x_wconf 80' lang='lat' dir='ltr'>necessitas</span> <span class='ocrx_word' id='word_1_70' title='bbox 1124 1592 1160 1666; x_wconf 92' lang='lat' dir='ltr'>in</span> <span class='ocrx_word' id='word_1_71' title='bbox 1186 1596 1235 1666; x_wconf 92' lang='lat' dir='ltr'>lo-</span> 
     </span>
     <span class='ocr_line' id='line_1_12' title="bbox 256 1690 970 1807; baseline 0.001 -22"><span class='ocrx_word' id='word_1_72' title='bbox 256 1737 314 1800; x_wconf 94' lang='lat' dir='ltr'>co,</span> <span class='ocrx_word' id='word_1_73' title='bbox 345 1711 419 1807; x_wconf 89' lang='lat' dir='ltr'>spes</span> <span class='ocrx_word' id='word_1_74' title='bbox 436 1712 471 1783; x_wconf 90' lang='lat' dir='ltr'>in</span> <span class='ocrx_word' id='word_1_75' title='bbox 486 1690 627 1800; x_wconf 65' lang='lat' dir='ltr'>virtute,</span> <span class='ocrx_word' id='word_1_76' title='bbox 655 1710 742 1784; x_wconf 87' lang='lat' dir='ltr'>salus</span> <span class='ocrx_word' id='word_1_77' title='bbox 755 1738 798 1788; x_wconf 87' lang='lat' dir='ltr'>ex</span> <span class='ocrx_word' id='word_1_78' title='bbox 817 1713 970 1786; x_wconf 68' lang='lat' dir='ltr'>vistoris.</span> 
     </span>
    </p>

    <p class='ocr_par' dir='ltr' id='par_1_4' title="bbox 254 1832 1236 2528">
     <span class='ocr_line' id='line_1_13' title="bbox 305 1832 1235 1933; baseline 0.004 -30"><span class='ocrx_word' id='word_1_79' title='bbox 305 1834 407 1904; x_wconf 90' lang='lat' dir='ltr'><strong>XXI.</strong></span> <span class='ocrx_word' id='word_1_80' title='bbox 437 1832 523 1902; x_wconf 76' lang='lat' dir='ltr'>Nnc</span> <span class='ocrx_word' id='word_1_81' title='bbox 548 1856 679 1903; x_wconf 84' lang='lat' dir='ltr'>MINOR</span> <span class='ocrx_word' id='word_1_82' title='bbox 706 1833 890 1905; x_wconf 89' lang='lat' dir='ltr'>Germanis</span> <span class='ocrx_word' id='word_1_83' title='bbox 917 1833 1067 1923; x_wconf 90' lang='lat' dir='ltr'>animus,</span> <span class='ocrx_word' id='word_1_84' title='bbox 1094 1833 1152 1908; x_wconf 88' lang='lat' dir='ltr'>sed</span> <span class='ocrx_word' id='word_1_85' title='bbox 1177 1861 1235 1933; x_wconf 87' lang='lat' dir='ltr'>ge-</span> 
     </span>
     <span class='ocr_line' id='line_1_14' title="bbox 255 1949 1236 2046; baseline 0.002 -23"><span class='ocrx_word' id='word_1_86' title='bbox 255 1976 336 2023; x_wconf 92' lang='lat' dir='ltr'>nere</span> <span class='ocrx_word' id='word_1_87' title='bbox 363 1976 491 2045; x_wconf 85' lang='lat' dir='ltr'>pugnae</span> <span class='ocrx_word' id='word_1_88' title='bbox 517 1949 555 2018; x_wconf 88' lang='lat'>&amp;</span> <span class='ocrx_word' id='word_1_89' title='bbox 581 1975 759 2021; x_wconf 86' lang='lat' dir='ltr'>armorum</span> <span class='ocrx_word' id='word_1_90' title='bbox 788 1950 1054 2046; x_wconf 84' lang='lat' dir='ltr'>superabantur3</span> <span class='ocrx_word' id='word_1_91' title='bbox 1086 1957 1168 2027; x_wconf 77' lang='lat' dir='ltr'>cum</span> <span class='ocrx_word' id='word_1_92' title='bbox 1186 1956 1236 2026; x_wconf 91' lang='lat' dir='ltr'>in-</span> 
     </span>
     <span class='ocr_line' id='line_1_15' title="bbox 257 2067 1236 2167; baseline 0.004 -27"><span class='ocrx_word' id='word_1_93' title='bbox 257 2095 342 2167; x_wconf 85' lang='lat' dir='ltr'>gens</span> <span class='ocrx_word' id='word_1_94' title='bbox 361 2068 565 2157; x_wconf 90' lang='lat' dir='ltr'>multitudo,</span> <span class='ocrx_word' id='word_1_95' title='bbox 585 2067 686 2138; x_wconf 70' lang='lat' dir='ltr'>ardis</span> <span class='ocrx_word' id='word_1_96' title='bbox 705 2068 802 2156; x_wconf 87' lang='lat' dir='ltr'>locis,</span> <span class='ocrx_word' id='word_1_97' title='bbox 823 2071 1017 2166; x_wconf 78' lang='lat' dir='ltr'>praelongas</span> <span class='ocrx_word' id='word_1_98' title='bbox 1034 2073 1146 2143; x_wconf 88' lang='lat' dir='ltr'>hastas</span> <span class='ocrx_word' id='word_1_99' title='bbox 1163 2099 1236 2144; x_wconf 90' lang='lat' dir='ltr'>non</span> 
     </span>
     <span class='ocr_line' id='line_1_16' title="bbox 254 2185 1235 2286; baseline 0.003 -26"><span class='ocrx_word' id='word_1_100' title='bbox 254 2189 490 2286; x_wconf 88' lang='lat' dir='ltr'>protenderet,</span> <span class='ocrx_word' id='word_1_101' title='bbox 517 2213 589 2259; x_wconf 91' lang='lat' dir='ltr'>non</span> <span class='ocrx_word' id='word_1_102' title='bbox 615 2185 806 2284; x_wconf 87' lang='lat' dir='ltr'>colligeret,</span> <span class='ocrx_word' id='word_1_103' title='bbox 838 2213 952 2283; x_wconf 87' lang='lat' dir='ltr'>neque</span> <span class='ocrx_word' id='word_1_104' title='bbox 984 2187 1173 2263; x_wconf 86' lang='lat' dir='ltr'>adsultibus</span> <span class='ocrx_word' id='word_1_105' title='bbox 1200 2193 1235 2262; x_wconf 77' lang='grc' dir='ltr'>δε</span> 
     </span>
     <span class='ocr_line' id='line_1_17' title="bbox 255 2304 1235 2404; baseline 0.001 -23"><span class='ocrx_word' id='word_1_106' title='bbox 255 2304 439 2384; x_wconf 86' lang='lat' dir='ltr'>velocitate</span> <span class='ocrx_word' id='word_1_107' title='bbox 475 2332 662 2404; x_wconf 88' lang='lat' dir='ltr'>corporum</span> <span class='ocrx_word' id='word_1_108' title='bbox 691 2326 857 2398; x_wconf 91' lang='lat' dir='ltr'>uteretur,</span> <span class='ocrx_word' id='word_1_109' title='bbox 889 2311 1008 2382; x_wconf 69' lang='lat' dir='ltr'>coas&#39;ta</span> <span class='ocrx_word' id='word_1_110' title='bbox 1038 2308 1157 2401; x_wconf 79' lang='lat' dir='ltr'>stabile</span> <span class='ocrx_word' id='word_1_111' title='bbox 1189 2312 1235 2382; x_wconf 92' lang='lat' dir='ltr'>ad</span> 
     </span>
     <span class='ocr_line' id='line_1_18' title="bbox 256 2427 1236 2528; baseline 0.004 -28"><span class='ocrx_word' id='word_1_112' title='bbox 256 2428 439 2527; x_wconf 89' lang='lat' dir='ltr'>proelium:</span> <span class='ocrx_word' id='word_1_113' title='bbox 469 2429 590 2501; x_wconf 74' lang='lat' dir='ltr'>contra</span> <span class='ocrx_word' id='word_1_114' title='bbox 604 2427 715 2517; x_wconf 89' lang='lat' dir='ltr'>miles,</span> <span class='ocrx_word' id='word_1_115' title='bbox 733 2429 790 2501; x_wconf 90' lang='lat' dir='ltr'>cui</span> <span class='ocrx_word' id='word_1_116' title='bbox 802 2427 936 2519; x_wconf 87' lang='lat' dir='ltr'>scutum</span> <span class='ocrx_word' id='word_1_117' title='bbox 950 2430 1078 2526; x_wconf 71' lang='lat' dir='ltr'>pectori</span> <span class='ocrx_word' id='word_1_118' title='bbox 1096 2429 1236 2528; x_wconf 91' lang='lat' dir='ltr'>adpres-</span> 
     </span>
    </p>
   </div>
   <div class='ocr_carea' id='block_1_3' title="bbox 147 2542 1236 2644">
    <p class='ocr_par' dir='ltr' id='par_1_5' title="bbox 147 2542 1236 2644">
     <span class='ocr_line' id='line_1_19' title="bbox 147 2542 1236 2644; baseline 0.003 -21"><span class='ocrx_word' id='word_1_119' title='bbox 147 2542 148 2545; x_wconf 33' lang='lat'>&#39;</span> <span class='ocrx_word' id='word_1_120' title='bbox 256 2549 345 2638; x_wconf 92' lang='lat' dir='ltr'>sum,</span> <span class='ocrx_word' id='word_1_121' title='bbox 373 2554 405 2621; x_wconf 77' lang='grc' dir='ltr'>δι</span> <span class='ocrx_word' id='word_1_122' title='bbox 432 2548 580 2621; x_wconf 84' lang='lat' dir='ltr'>insidens</span> <span class='ocrx_word' id='word_1_123' title='bbox 598 2549 724 2644; x_wconf 90' lang='lat' dir='ltr'>capulo</span> <span class='ocrx_word' id='word_1_124' title='bbox 742 2575 877 2639; x_wconf 88' lang='lat' dir='ltr'>manus,</span> <span class='ocrx_word' id='word_1_125' title='bbox 907 2551 994 2622; x_wconf 88' lang='lat' dir='ltr'>latos</span> <span class='ocrx_word' id='word_1_126' title='bbox 1011 2552 1236 2626; x_wconf 87' lang='lat' dir='ltr'>barbarorum</span> 
     </span>
    </p>
   </div>
   <div class='ocr_carea' id='block_1_4' title="bbox 252 2668 1338 3248">
    <p class='ocr_par' dir='ltr' id='par_1_6' title="bbox 252 2668 1338 3248">
     <span class='ocr_line' id='line_1_20' title="bbox 256 2668 1237 2768; baseline 0.001 -25"><span class='ocrx_word' id='word_1_127' title='bbox 256 2692 362 2760; x_wconf 88' lang='lat' dir='ltr'>anus,</span> <span class='ocrx_word' id='word_1_128' title='bbox 393 2670 488 2742; x_wconf 88' lang='lat' dir='ltr'>nuda</span> <span class='ocrx_word' id='word_1_129' title='bbox 512 2694 571 2741; x_wconf 90' lang='lat' dir='ltr'>ora</span> <span class='ocrx_word' id='word_1_130' title='bbox 588 2668 735 2758; x_wconf 88' lang='lat' dir='ltr'>foderet,</span> <span class='ocrx_word' id='word_1_131' title='bbox 766 2669 932 2767; x_wconf 84' lang='lat' dir='ltr'>viamque</span> <span class='ocrx_word' id='word_1_132' title='bbox 950 2670 1060 2768; x_wconf 90' lang='lat' dir='ltr'>strage</span> <span class='ocrx_word' id='word_1_133' title='bbox 1083 2670 1237 2744; x_wconf 88' lang='lat' dir='ltr'>hostium</span> 
     </span>
     <span class='ocr_line' id='line_1_21' title="bbox 256 2782 1238 2889; baseline -0.002 -24"><span class='ocrx_word' id='word_1_134' title='bbox 256 2782 422 2889; x_wconf 62' lang='lat' dir='ltr'>aberiret:</span> <span class='ocrx_word' id='word_1_135' title='bbox 450 2790 664 2886; x_wconf 90' lang='lat' dir='ltr'>imprompto</span> <span class='ocrx_word' id='word_1_136' title='bbox 685 2787 761 2886; x_wconf 89' lang='lat' dir='ltr'>jam</span> <span class='ocrx_word' id='word_1_137' title='bbox 790 2789 967 2879; x_wconf 87' lang='lat' dir='ltr'>Arminio,</span> <span class='ocrx_word' id='word_1_138' title='bbox 996 2794 1044 2864; x_wconf 93' lang='lat' dir='ltr'>ob</span> <span class='ocrx_word' id='word_1_139' title='bbox 1073 2791 1238 2865; x_wconf 86' lang='lat' dir='ltr'>continua</span> 
     </span>
     <span class='ocr_line' id='line_1_22' title="bbox 254 2908 1282 3009; baseline 0.001 -25"><span class='ocrx_word' id='word_1_140' title='bbox 254 2912 421 3009; x_wconf 81' lang='lat' dir='ltr'>pericula,</span> <span class='ocrx_word' id='word_1_141' title='bbox 449 2913 516 2981; x_wconf 84' lang='lat' dir='ltr'>sive</span> <span class='ocrx_word' id='word_1_142' title='bbox 532 2908 634 2983; x_wconf 92' lang='lat' dir='ltr'>illum</span> <span class='ocrx_word' id='word_1_143' title='bbox 647 2910 763 2983; x_wconf 73' lang='lat' dir='ltr'>recens</span> <span class='ocrx_word' id='word_1_144' title='bbox 777 2930 962 3007; x_wconf 87' lang='lat' dir='ltr'>acceptum</span> <span class='ocrx_word' id='word_1_145' title='bbox 981 2913 1110 2985; x_wconf 87' lang='lat' dir='ltr'>vulnus</span> <span class='ocrx_word' id='word_1_146' title='bbox 1121 2914 1236 2985; x_wconf 87' lang='lat' dir='ltr'>tar&#39;da-</span> <span class='ocrx_word' id='word_1_147' title='bbox 1273 2928 1282 2938; x_wconf 85' lang='lat'><strong><em>‘</em></strong></span> 
     </span>
     <span class='ocr_line' id='line_1_23' title="bbox 255 3029 1235 3129; baseline 0 -24"><span class='ocrx_word' id='word_1_148' title='bbox 255 3045 362 3105; x_wconf 83' lang='lat' dir='ltr'>verat.</span> <span class='ocrx_word' id='word_1_149' title='bbox 413 3029 510 3127; x_wconf 82' lang='lat' dir='ltr'>Qtin</span> <span class='ocrx_word' id='word_1_150' title='bbox 535 3035 567 3102; x_wconf 73' lang='grc' dir='ltr'>δι</span> <span class='ocrx_word' id='word_1_151' title='bbox 596 3031 859 3129; x_wconf 83' lang='lat' dir='ltr'>Inguiomerum</span> <span class='ocrx_word' id='word_1_152' title='bbox 883 3035 958 3104; x_wconf 70' lang='lat' dir='ltr'>tots</span> <span class='ocrx_word' id='word_1_153' title='bbox 975 3031 1177 3105; x_wconf 90' lang='lat' dir='ltr'>volitantem</span> <span class='ocrx_word' id='word_1_154' title='bbox 1200 3058 1235 3104; x_wconf 88' lang='lat' dir='ltr'>a·</span> 
     </span>
     <span class='ocr_line' id='line_1_24' title="bbox 252 3149 1338 3248; baseline -0.004 -22"><span class='ocrx_word' id='word_1_155' title='bbox 252 3152 320 3242; x_wconf 90' lang='lat' dir='ltr'>cie,</span> <span class='ocrx_word' id='word_1_156' title='bbox 360 3149 497 3224; x_wconf 86' lang='lat' dir='ltr'>fortuna</span> <span class='ocrx_word' id='word_1_157' title='bbox 528 3150 640 3247; x_wconf 84' lang='lat' dir='ltr'>magis</span> <span class='ocrx_word' id='word_1_158' title='bbox 669 3153 777 3248; x_wconf 75' lang='lat' dir='ltr'>quam</span> <span class='ocrx_word' id='word_1_159' title='bbox 812 3151 921 3225; x_wconf 90' lang='lat' dir='ltr'>virtus</span> <span class='ocrx_word' id='word_1_160' title='bbox 961 3151 1160 3226; x_wconf 84' lang='lat' dir='ltr'>deserebat:</span> <span class='ocrx_word' id='word_1_161' title='bbox 1200 3155 1233 3222; x_wconf 68' lang='grc' dir='ltr'>ὃ(</span> <span class='ocrx_word' id='word_1_162' title='bbox 1335 3224 1338 3233; x_wconf 67' lang='grc'><strong>,</strong></span> 
     </span>
    </p>
   </div>
   <div class='ocr_carea' id='block_1_5' title="bbox 108 3268 1236 3367">
    <p class='ocr_par' dir='ltr' id='par_1_7' title="bbox 108 3268 1236 3367">
     <span class='ocr_line' id='line_1_25' title="bbox 108 3268 1236 3367; baseline 0.012 -36"><span class='ocrx_word' id='word_1_163' title='bbox 108 3322 112 3331; x_wconf 75' lang='grc'>,</span> <span class='ocrx_word' id='word_1_164' title='bbox 157 3333 160 3337; x_wconf 16' lang='grc' dir='ltr'><strong>Α</strong></span> <span class='ocrx_word' id='word_1_165' title='bbox 255 3271 499 3363; x_wconf 89' lang='lat' dir='ltr'>Germanicus,</span> <span class='ocrx_word' id='word_1_166' title='bbox 517 3268 590 3366; x_wconf 75' lang='lat' dir='ltr'>qud</span> <span class='ocrx_word' id='word_1_167' title='bbox 607 3271 720 3367; x_wconf 84' lang='lat' dir='ltr'>inagis</span> <span class='ocrx_word' id='word_1_168' title='bbox 736 3269 1014 3366; x_wconf 85' lang='lat' dir='ltr'>adgnosceretur,</span> <span class='ocrx_word' id='word_1_169' title='bbox 1042 3273 1236 3348; x_wconf 85' lang='lat' dir='ltr'>detraxerat</span> 
     </span>
    </p>
   </div>
   <div class='ocr_carea' id='block_1_6' title="bbox 252 3381 1347 3851">
    <p class='ocr_par' dir='ltr' id='par_1_8' title="bbox 252 3381 1294 3488">
     <span class='ocr_line' id='line_1_26' title="bbox 252 3381 1294 3488; baseline 0.002 -26"><span class='ocrx_word' id='word_1_170' title='bbox 252 3392 409 3488; x_wconf 88' lang='lat' dir='ltr'>tegimen</span> <span class='ocrx_word' id='word_1_171' title='bbox 443 3389 560 3488; x_wconf 90' lang='lat' dir='ltr'>capiti,</span> <span class='ocrx_word' id='word_1_172' title='bbox 591 3392 783 3488; x_wconf 87' lang='lat' dir='ltr'>orabatque</span> <span class='ocrx_word' id='word_1_173' title='bbox 813 3399 839 3433; x_wconf 91' lang='lat'><strong>“</strong></span> <span class='ocrx_word' id='word_1_174' title='bbox 854 3381 1045 3465; x_wconf 85' lang='lat' dir='ltr'>infisterent</span> <span class='ocrx_word' id='word_1_175' title='bbox 1068 3395 1233 3480; x_wconf 83' lang='lat' dir='ltr'>caedibus,</span> <span class='ocrx_word' id='word_1_176' title='bbox 1291 3453 1294 3464; x_wconf 90' lang='lat'><em>.</em></span> 
     </span>
    </p>

    <p class='ocr_par' dir='ltr' id='par_1_9' title="bbox 253 3508 1347 3851">
     <span class='ocr_line' id='line_1_27' title="bbox 255 3508 1347 3610; baseline 0.001 -30"><span class='ocrx_word' id='word_1_177' title='bbox 255 3509 346 3580; x_wconf 91' lang='lat' dir='ltr'>“nil</span> <span class='ocrx_word' id='word_1_178' title='bbox 364 3536 452 3605; x_wconf 87' lang='lat' dir='ltr'>opus</span> <span class='ocrx_word' id='word_1_179' title='bbox 470 3509 628 3607; x_wconf 88' lang='lat' dir='ltr'>captivis,</span> <span class='ocrx_word' id='word_1_180' title='bbox 652 3508 759 3582; x_wconf 92' lang='lat' dir='ltr'>solam</span> <span class='ocrx_word' id='word_1_181' title='bbox 776 3510 1050 3584; x_wconf 91' lang='lat' dir='ltr'>internecionem</span> <span class='ocrx_word' id='word_1_182' title='bbox 1069 3511 1179 3610; x_wconf 88' lang='lat' dir='ltr'>gentis</span> <span class='ocrx_word' id='word_1_183' title='bbox 1192 3511 1233 3584; x_wconf 82' lang='lat' dir='ltr'>fi·</span> <span class='ocrx_word' id='word_1_184' title='bbox 1346 3578 1347 3581; x_wconf 74' lang='grc'>,</span> 
     </span>
     <span class='ocr_line' id='line_1_28' title="bbox 255 3628 1234 3730; baseline -0.001 -30"><span class='ocrx_word' id='word_1_185' title='bbox 255 3635 381 3700; x_wconf 91' lang='lat' dir='ltr'>“nem</span> <span class='ocrx_word' id='word_1_186' title='bbox 408 3631 502 3702; x_wconf 92' lang='lat' dir='ltr'>bello</span> <span class='ocrx_word' id='word_1_187' title='bbox 532 3629 643 3703; x_wconf 85' lang='lat' dir='ltr'>fore.&#39;&#39;</span> <span class='ocrx_word' id='word_1_188' title='bbox 693 3634 846 3730; x_wconf 87' lang='lat' dir='ltr'>Jamque</span> <span class='ocrx_word' id='word_1_189' title='bbox 874 3630 948 3704; x_wconf 91' lang='lat' dir='ltr'>sero</span> <span class='ocrx_word' id='word_1_190' title='bbox 977 3632 1045 3704; x_wconf 91' lang='lat' dir='ltr'>diei</span> <span class='ocrx_word' id='word_1_191' title='bbox 1072 3628 1234 3701; x_wconf 90' lang='lat' dir='ltr'>subducit</span> 
     </span>
     <span class='ocr_line' id='line_1_29' title="bbox 253 3748 1234 3851; baseline 0.003 -30"><span class='ocrx_word' id='word_1_192' title='bbox 253 3776 296 3833; x_wconf 73' lang='lat' dir='ltr'>ex</span> <span class='ocrx_word' id='word_1_193' title='bbox 325 3748 398 3823; x_wconf 86' lang='lat' dir='ltr'>acie</span> <span class='ocrx_word' id='word_1_194' title='bbox 436 3749 626 3851; x_wconf 85' lang='lat' dir='ltr'>legionem,</span> <span class='ocrx_word' id='word_1_195' title='bbox 664 3750 828 3827; x_wconf 86' lang='lat' dir='ltr'>faciendis</span> <span class='ocrx_word' id='word_1_196' title='bbox 864 3752 991 3825; x_wconf 88' lang='lat' dir='ltr'>castris:</span> <span class='ocrx_word' id='word_1_197' title='bbox 1028 3771 1152 3825; x_wconf 87' lang='lat' dir='ltr'>ceterae</span> <span class='ocrx_word' id='word_1_198' title='bbox 1188 3750 1234 3824; x_wconf 86' lang='lat' dir='ltr'>ad</span> 
     </span>
    </p>
   </div>
   <div class='ocr_carea' id='block_1_7' title="bbox 0 0 1422 4732">
    <p class='ocr_par' dir='ltr' id='par_1_10' title="bbox 0 0 1422 4732">
     <span class='ocr_line' id='line_1_30' title="bbox 0 0 1422 4732; baseline 0 1"><span class='ocrx_word' id='word_1_199' title='bbox 0 0 1422 4732; x_wconf 95' lang='lat' dir='ltr'> </span> 
     </span>
    </p>
   </div>
  </div>
 </body>
</html>
