2512 4680
350 353 681 433 ‘Auunuuu
713 330 831 430 Lrn.
866 354 927 429 Vl.
1111 383 1181 460 295

197 550 270 627 tus,
287 535 469 610 honestum
487 537 596 612 finem
612 532 771 610 voluisse,
821 533 988 608 Cetenim
1010 533 1179 634 Agrippi·

197 680 253 731 nae
269 655 449 756 pernicies,
472 657 571 757 quod
584 655 647 730 vix
664 654 843 745 credibile,
861 655 1067 746 Plancinam
1083 676 1177 731 trax·

195 776 234 851 it.
282 780 405 876 Nupta
426 777 514 864 olim
531 780 598 852 Cn.
615 775 744 871 Pisoni,
773 781 807 851 δι
835 776 1048 874 palamlaeta
1064 798 1177 852 morte

192 897 406 990 Germanici,
432 899 516 973 clun
538 897 616 974 Piso
633 899 787 988 caderet,
808 896 969 995 precibus
992 898 1175 997 Augustae,

193 1043 259 1093 nec
296 1019 415 1093 minus
452 1019 642 1093 inimicitiis
678 1018 891 1118 Agrippinae
919 1017 1057 1091 defensa
1094 1040 1177 1093 erat.

194 1141 248 1213 Ut
263 1139 387 1213 odium
412 1145 446 1214 &
470 1140 580 1239 gratia
596 1141 738 1229 desiere,
762 1136 822 1236 jus
838 1137 973 1212 valuit:
1002 1137 1178 1238 petitaque

192 1259 397 1336 criminibus
422 1262 518 1335 haud
546 1259 691 1361 ignotis,
714 1258 772 1333 sul
798 1285 920 1351 manu,
954 1257 1024 1337 sera
1048 1260 1175 1360 magis,

193 1381 304 1483 quim
321 1381 497 1455 immerita
512 1379 682 1480 supplicia
698 1379 875 1480 persolvit.
949 1388 960 1409 “
1017 1478 1019 1480 q

243 1504 400 1578 XXVII.
425 1505 512 1577 Tor
537 1527 732 1578 nocrraus
761 1499 895 1576 funesta
919 1500 1073 1593 civitate,
1100 1528 1177 1600 pars

156 1662 158 1670 ι
192 1624 347 1700 maeroris
373 1623 452 1716 fuit,
487 1624 583 1725 qubd
609 1625 717 1722 Julia‚
754 1626 856 1698 Drusr
885 1622 969 1713 filia,
995 1622 1177 1721 quondam

193 1745 349 1820 Neronis
365 1771 470 1836 uxor,
494 1746 653 1844 denupsit
670 1745 705 1818 in
722 1747 871 1819 domum
899 1743 1056 1818 Rubellii
1075 1746 1176 1819 Blan÷

190 1866 245 1955 di,
270 1864 366 1966 cujus
393 1891 516 1958 avum,
541 1867 739 1956 Tiburtem,
767 1866 923 1965 equitem
953 1870 1174 1957 Romanurn,

190 1985 351 2085 plerique
373 1986 617 2063 meminerant.
671 1991 840 2062 Extremo
867 1989 949 2062 anni
974 2013 1070 2062 mors
1088 1985 1175 2062 AElii

190 2107 329 2182 Lamiae
346 2108 467 2184 funere
484 2107 639 2183 censorio
656 2110 842 2201 celebrata,
856 2110 917 2210 qui
933 2107 1174 2185 administran-

185 2228 241 2306 dae
269 2229 375 2328 Syria
401 2229 557 2331 imagine
574 2231 717 2304 tandem
734 2230 923 2319 exsolutus,
958 2231 1050 2303 Urbi
1085 2257 1174 2327 prae-

188 2348 323 2425 fuerat:
353 2376 465 2448 genus
493 2350 544 2423 illi
570 2351 751 2440 decorum,
780 2348 900 2423 vivida
928 2346 1108 2435 seneetus3
1140 2356 1174 2426 ὅτ

189 2494 263 2544 non
301 2469 463 2566 permissa
502 2471 683 2566 provincia
710 2467 952 2568 dignationem
979 2467 1173 2546 addiderat.

190 2588 289 2663 Exin
317 2590 444 2663 Flacco
472 2591 689 2688 Pomponi0,
723 2589 825 2686 Syriae
854 2609 1080 2686 propraetore‚
1111 2593 1173 2665 de·

190 2706 326 2799 fundo,
350 2708 540 2787 recitantur
558 2709 700 2785 Caesaris
733 2709 855 2800 litera,
894 2710 974 2807 quls
999 2708 1174 2786 incusabat

190 2829 421 2930 “egregium
451 2856 644 2931 quemque,
693 2837 727 2906 &
764 2829 926 2930 regendis
961 2829 1173 2905 exercitibus

191 2956 221 2994 “
239 2949 421 3042 idoneum,
441 2953 593 3027 abnuere
609 2953 645 3027 id
664 2978 816 3027 munus:
842 2950 947 3050 seque
969 2954 1008 3024 erl
1033 2949 1172 3026 necessi}

190 3078 220 3114 “
238 3072 360 3145 tudine
376 3071 422 3147 ad
439 3096 557 3169 preces
575 3073 671 3173 cogi,
688 3100 749 3172 per
762 3098 849 3171 quas
862 3071 1091 3146 consularium
1109 3073 1171 3145 ali·

138 3203 140 3207 ’
189 3191 298 3291 “qui
325 3195 497 3290 capessere
524 3194 722 3291 provincias
747 3194 969 3294 adigerentur
983 3194 1020 3266 :''
1044 3193 1171 3268 oblitus

192 3312 398 3388 Arruntium
421 3338 467 3403 ne
495 3312 531 3385 in
555 3312 762 3411 Hispaniam
793 3336 966 3415 pergeret,
993 3315 1171 3391 decimum

65 3432 71 3446 '
183 3430 260 3530 jam
290 3459 423 3510 annum
450 3433 598 3512 attineri.
648 3435 749 3512 Obiit
779 3439 905 3514 eodem
930 3461 1023 3508 auno
1053 3441 1087 3510 δι
1112 3441 1171 3514 Μ.

190 3553 372 3654 Lepidus,
399 3556 445 3628 de
473 3552 570 3651 cujus
597 3557 847 3648 moderatione,
878 3575 983 3654 atque
1009 3555 1173 3655 sapientia

189 3673 227 3752 in
246 3674 418 3775 prioribus
434 3674 529 3747 libris
546 3672 621 3747 satis
637 3679 841 3753 conlocavi:
877 3703 992 3775 neque
1010 3680 1172 3755 nobilitas

190 3796 325 3879 diutius
351 3794 625 3878 demonstranda
647 3795 718 3869 est:
745 3798 878 3904 quippe
899 3797 1088 3880 AEmilium
1111 3824 1173 3903 ge.

659 3917 697 3997 U
722 3946 747 4019 4
978 3923 980 3929 '
