2512 4680
129 336 201 408 280
364 336 406 408 C.
431 336 875 437 ConussrtTncrrr

129 511 288 585 indusli:
315 515 483 602 Servaeus,
515 515 664 611 praeturl
684 510 836 602 fundus,
864 515 897 585 δι
925 510 1131 609 quondam

131 632 332 707 Germanici
361 646 498 718 comes3
525 633 700 707 Minutius
727 632 872 735 equestri
886 630 994 723 ·loc0,
1035 660 1128 708 mo·

129 753 221 827 deste
243 753 360 827 habital
380 752 492 852 Sejani
509 752 678 828 amicitis:
708 748 804 828 unde
825 752 890 826 illis
908 750 1022 851 major
1044 755 1128 827 mi-

128 873 267 948 seratio:
297 876 419 948 contra
434 874 610 965 Tiberius,
635 881 662 916 “
683 874 875 971 praecipuos
898 874 942 945 ad
958 870 1125 948 scelera'’

130 993 323 1092 increpans,
351 996 535 1070 admonuit
550 997 591 1069 C.
607 994 760 1069 Cestium
778 1014 910 1093 patrem
931 1000 960 1037 “
978 992 1123 1087 dicere,

129 1123 157 1158 “
175 1113 319 1209 senatui,
344 1142 425 1214 quae
457 1115 518 1199 fibi
541 1114 760 1212 scripsrffet;”
789 1113 1001 1215 suscepitque
1029 1106 1118 1188 Ces-

128 1234 195 1308 tius
215 1233 496 1309 accusationem:
528 1237 623 1333 quod
642 1234 797 1309 maxime
814 1234 989 1310 exitiabile
1004 1238 1118 1310 tulere

127 1354 186 1428 illa
202 1375 376 1454 tempora,
408 1358 489 1432 clim
507 1357 673 1455 primores
696 1354 830 1430 senatds
848 1355 985 1431 infimas
1006 1357 1115 1430 etiam

128 1475 321 1552 delationes
350 1495 560 1566 exercerent,
599 1476 657 1550 alii
686 1478 883 1574 propalam,
922 1478 1117 1574 multi'pet

129 1599 337 1671 occultum:
365 1623 478 1696 neque
494 1596 695 1672 discerneres
718 1598 848 1671 alienos
864 1623 885 1670 a
904 1596 1113 1694 conjunctis,

129 1716 261 1791 amicos
279 1722 325 1793 ab
348 1719 491 1817 ignotis,
516 1717 603 1816 quid
627 1744 764 1816 repens,
790 1738 849 1792 aut
866 1718 1033 1793 vetustate
1047 1717 1113 1791 ob-

130 1837 292 1912 scurum:
328 1839 469 1936 perinde
487 1839 522 1911 in
540 1838 630 1929 foro,
654 1839 692 1913 in
709 1840 888 1931 convivio,
914 1840 1053 1938 quaqud
1066 1838 1114 1910 de

128 1984 165 2032 re
189 1958 293 2032 locuti
312 1948 565 2048 incusabantur,
588 1980 628 2032 ut
646 1959 725 2055 quis
746 1960 940 2056 praevenire
957 1965 992 2033 δι
1014 1982 1112 2032 reum

130 2078 296 2153 destinare
321 2097 483 2173 properat
490 2105 500 2161 3
527 2098 606 2172 pars
631 2077 676 2150 ad
693 2075 882 2150 subfidium
907 2078 974 2168 sul,
999 2081 1113 2175 plures

130 2197 244 2273 infesti
273 2199 366 2295 quasi
387 2193 584 2268 valetudine
609 2199 643 2267 δι
668 2198 841 2268 contactu·
892 2199 962 2269 Sed
983 2197 1110 2270 Minu·
1136 2178 1147 2188 ’

129 2322 198 2410 tius
239 2323 272 2393 δι
313 2321 465 2391 Servaeus
505 2313 675 2405 damnati,
718 2313 894 2388 indicibus
930 2316 1107 2389 accessere.

103 2440 319 2539 'Trastique
351 2437 489 2512 suntin
522 2434 637 2510 casum
669 2436 834 2510 eumdem
868 2435 984 2531 Julius
1009 2433 1070 2509 *As
1082 2433 1109 2494 '-

130 2582 248 2651 canus,
281 2586 301 2633 e
333 2558 506 2647 Santonis,
536 2557 671 2630 Gallica
699 2556 853 2647 civitate,
887 2555 985 2631 Seius
1014 2555 1111 2654 Qa-

129 2684 268 2754 dratus:
311 2679 482 2777 originem
511 2703 582 2750 non
609 2677 732 2776 reperi.
793 2680 925 2776 Neque
957 2675 1035 2750 sum
1060 2676 1111 2773 ig-

130 2828 235 2875 nants
259 2827 279 2874 a
306 2798 476 2899 plerisque
504 2798 738 2894 scriptoribus,
769 2797 891 2872 omissa
919 2799 1113 2870 multorum

131 2922 332 3020 pericula&
352 2946 487 3017 poenas,
506 2921 591 2993 dum
616 2905 913 3017 copidsatiscunu
940 2938 1016 3009 aut,
1035 2943 1112 3015 quae

130 3042 209 3140 ipsis
226 3039 333 3112 nimia
358 3044 392 3112 dc
417 3040 533 3114 maesta
548 3037 696 3129 fuerant,
725 3064 770 3111 ne
793 3039 867 3137 pari
883 3040 989 3115 taedio
1006 3041 1114 3114 lestu-

44 3228 46 3238 Α
128 3189 186 3236 ros
209 3163 412 3249 adficerent,
436 3180 605 3233 verentur.
670 3141 788 3232 Nobis
813 3161 980 3258 pleraque
1007 3159 1115 3259 digna

49 3296 52 3307 '
130 3280 276 3377 cognitu
311 3281 501 3370 obvenere,
536 3304 751 3376 quamquam
793 3281 839 3354 ab
875 3280 949 3353 aliis
987 3279 1114 3356 incele-

131 3400 240 3473 brata.

178 3518 276 3590 Vlll.
303 3520 341 3589 N
346 3543 405 3590 arn
432 3503 472 3591 ed
498 3517 715 3614 tempestate,
750 3521 819 3616 qual
853 3518 968 3617 Sejani
994 3521 1113 3597 amici·

128 3632 212 3707 tiam
230 3635 331 3706 ceteri
356 3635 443 3709 falso
461 3659 641 3727 exuerant,
669 3637 767 3711 ausus
784 3638 833 3711 est
849 3664 959 3737 eques
978 3629 1113 3720 'Rona-

128 3778 224 3842 nus,
244 3756 300 3826 M.
331 3755 531 3849 Terentius,
573 3762 621 3834 ob
654 3758 692 3832 id
721 3785 812 3853 reus,
846 3759 1029 3856 amplecti,
1068 3761 1114 3835 ad
