2776 4724
224 343 337 420 xxxiv

245 558 251 569 =
273 518 341 591 Sed
363 529 471 604 ante,'
486 538 595 614 quam
611 515 657 590 ad
673 533 800 592 ceteras
824 513 1057 590 Frobenianas
1080 515 1205 589 editio-
1232 557 1234 567 ·

225 664 285 716 nes
301 635 524 724 accedamus,
552 635 813 732 interponamus
829 634 962 733 aliquid
985 634 1030 707 de
1054 634 1205 710 editione

222 738 373 849 ynula,
392 757 556 828 Florentia
579 780 611 827 a.
634 781 647 828 1
655 778 737 854 527.
761 759 794 829 8.
822 752 936 828 fadla:
968 751 1066 853 cujus
1083 779 1203 831 exem·

180 893 182 895 ’
221 875 323 976 plum
342 865 419 970 post
440 873 632 963 editionem
657 874 810 959 nostram
834 875 998 973 primam,
1027 901 1047 949 e
1073 873 1204 949 Biblio-

221 996 322 1071 theca
347 993 642 1073 Schwarzianain
664 994 814 1068 nostram
827 993 947 1068 venit.
998 995 1061 1069 Est
1087 1015 1204 1069 autem

220 1135 336 1189 textus
352 1113 520 1208 Juntinus
534 1112 665 1193 sumtus
680 1139 700 1218 e
715 1114 932 1205 Beroaldina,
951 1113 1095 1213 cujus&
1115 1142 1203 1213 prae·

219 1233 304 1314 satio
328 1233 473 1329 repetita
499 1232 547 1307 est
570 1256 654 1307 curn
677 1234 806 1314 notulis
832 1235 868 1308 in
886 1235 1000 1310 ,libros
1030 1236 1201 1334 quinque,

219 1352 374 1452 primum
400 1354 607 1428 aBeroaldo
624 1355 756 1436 editos:
784 1355 843 1430 sed
866 1354 1042 1429 interdum
1069 1381 1203 1435 cortec-

218 1492 276 1547 tus
303 1474 350 1547 ab
367 1473 447 1545 Ant.
466 1473 579 1545 Franc.
601 1474 786 1568 Varshienst.
838 1476 936 1555 Nam
951 1474 985 1549 se
1003 1473 1089 1548 dicit
1104 1477 1205 1550 edere

219 1594 329 1678 libros
352 1591 511 1690 quinque
535 1619 646 1692 nuper
672 1594 833 1668 inventos
851 1620 944 1678 eum
971 1594 1110 1693 reliquis
1130 1592 1205 1691 ejus
1330 1690 1336 1698 ,

132 1748 133 1756 ¹
218 1713 399 1817 operibus,
423 1738 444 1785 a
465 1713 555 1793 Phil.
572 1715 740 1792 Beroaldo
750 1712 903 1812 juniore,
933 1712 1078 1788 virosui
1101 1712 1205 1795 seculi

125 1850 132 1856 ”
217 1831 445 1909 eruditissimo
460 1852 540 1907 ante
553 1834 748 1932 castigatos,
782 1861 869 1915 mox
886 1859 969 1916 vero
990 1833 1061 1911 ase
1076 1833 1205 1915 iterum

217 1953 416 2052 cognitos.·
438 1955 484 2029 Jn
502 1979 588 2052 qun,
618 1958 751 2028 clarum
772 1955 832 2043 est,
854 1953 954 2043 nihil,
977 1974 1108 2051 praeter-
1126 1980 1203 2036 eor-

216 2072 385 2148 rectiones
402 2072 569 2150 vitiorum
586 2075 944 2174 typographicorum,¹
959 2072 1106 2172 intelligi
1123 2060 1202 2170 pos·

217 2189 277 2282 se,
293 2213 353 2265 aut
378 2219 457 2291 quae
483 2193 626 2292 ingenio
652 2195 759 2277 fadiae*
780 2195 885 2270 effent
915 2190 1201 2291 conjedturisque‚

218 2311 367 2410 ubilpse
380 2312 517 2412 aliquid
533 2314 607 2388 vitii
624 2315 690 2390 elle
708 2322 854 2413 putaret.
903 2314 1024 2410 Itaque
1040 2312 1202 2389 editionis

216 2431 319 2530 hujus
335 2433 473 2508 criticus
502 2434 581 2509 usus
598 2434 796 2510 nullusest.
846 2434 924 2507 Nec
950 2430 1037 2507 forte
1058 2435 1136 2532 plus
1153 2434 1202 2515 est

217 2553 254 2627 in
270 2554 423 2628 editione
438 2556 640 2630 Florentina
655 2557 774 2646 altera,
801 2579 880 2652 quae
896 2578 988 2626 anno
1011 2578 1113 2652 1552.
1135 2552 1201 2638 ad·

158 2657 161 2660 ·
217 2677 380 2771 fignatur.
411 2674 497 2748 sed
514 2673 690 2770 ejusnihil
708 2669 1113 2765 urrinnandane,
1131 2675 1202 2773 *qur

215 2816 296 2867 eam
311 2814 655 2901 commemorarunt:
687 2819 752 2869 nec
780 2793 852 2893 ejus
879 2793 1202 2892 exemplummihi
1280 2779 1284 2782 Α

108 3012 111 3018 Ι
216 2931 376 3004 unquam
411 2912 475 2988 sub
501 2916 622 2995 oculos
657 2935 716 2990 aut
748 2915 791 2998 in,
810 2943 933 2997 manus
968 2914 1077 2990 venit.
1098 2961 1103 2969 -
1126 2918 1201 2999 Re·

162 3110 166 3119 ¹
215 3027 361 3157 deamus
377 3055 465 3128 ergo
489 3034 526 3108 in
544 3035 771 3110 Germaniam
789 3040 822 3112 a
839 3040 886 3112 ad
902 3033 1101 3120 Bafileenses
1128 3034 1202 3108 edi·

215 3163 338 3220 uones.
511 3190 512 3194 =

160 3348 162 3353 .
264 3252 533 3360 Recognitionis
556 3266 698 3364 igitura
720 3275 896 3354 Rhenano
916 3275 1015 3351 fadlae
1038 3274 1202 3372 exempla

213 3373 370 3471 primum
387 3381 547 3476 prodiere
563 3384 600 3456 in
627 3388 754 3464 eadem
770 3399 859 3471 urbe
881 3423 912 3470 a
943 3418 1046 3491 1533·
1069 3412 1115 3474 ex
1141 3419 1199 3467 θι-

163 3554 165 3558 ,
211 3491 366 3599 demque
386 3498 536 3572 officina
552 3502 789 3604 Frobeniana,
811 3517 880 3590 hoc
900 3513 1029 3588 titulo:
1057 3511 1101 3584 P.
1124 3511 1199 3584 Cor·

209 3607 289 3676 nent
303 3608 540 3709 tactaequno
561 3619 655 3691 Rom.
673 3626 846 3714 Amnum
861 3636 902 3706 ab
927 3633 1042 3727 excelle
1055 3631 1199 3728 Augotr,

199 3724 284 3816 ficut
300 3723 365 3829 ipse
386 3745 489 3818 vocat,
501 3732 577 3822 seve
592 3737 745 3832 Historia
766 3752 926 3851 Augusta,
954 3755 1011 3853 qui
1024 3751 1117 3848 vulgo
1134 3772 1199 3842 :re-
