2760 4718
378 384 690 454 Auunrruru
724 378 926 462 eruVI.
1073 380 1143 476 285
1247 423 1249 427 .

170 565 200 606 “
217 585 302 649 non,
316 575 355 631 ut
367 559 499 647 assolet,
513 559 603 631 ledo
621 581 679 655 per
696 553 888 653 magistros,
908 550 1146 649 aestimatoque

67 727 72 730 ·
172 687 203 724 ‘⁴
221 679 388 770 carmine,
417 679 512 776 apud
540 675 793 774 infrequentem
816 671 972 748 senatum
988 672 1146 770 egisset.''

169 801 279 874 Simul
298 796 591 883 commonefecit3
625 796 751 895 “quia
767 796 877 869 multa
895 819 984 866 vana
999 792 1062 867 sub
1082 819 1146 897 no·

170 927 200 963 “
219 919 315 993 mine
330 918 459 994 celebri
492 920 741 1016 vulgabautur‚
766 894 910 988 sanxisse
929 912 1146 1012 Augustum,

128 1047 198 1133 ¹'“
217 1047 324 1138 quem
351 1040 440 1112 intra
464 1038 560 1111 diem
578 1012 633 1109 'ad
661 1055 845 1133 praetorem
872 1037 1059 1109 Urbanum
1086 1036 1147 1108 de,

171 1167 200 1204 “
219 1158 406 1247 ferrentur,v
418 1160 533 1256 neque'
548 1159 677 1231 habere
694 1155 858 1254 privatim
874 1155 1035 1230 liceret:”
1052 1154 1149 1253 quod

172 1307 194 1353 a
219 1276 409 1375 majoribus
433 1303 575 1375 quoque
592 1278 773 1351 decretum
790 1297 872 1367 erat,
893 1277 967 1373 post
984 1275 1148 1353 exustum

172 1399 288 1474 sociali
305 1400 399 1472 bello
415 1396 642 1496 Capitolium,
657 1398 806 1496 quaesitis
822 1400 941 1488 Samo,
958 1396 1036 1486 Ilio,
1058 1399 1150 1492 Ery-x

173 1518 274 1610 thris,
306 1544 366 1616 per
388 1517 544 1591 Africam
562 1518 679 1608 etiam,
703 1545 743 1592 ac
767 1518 930 1608 Siciliam,
959 1519 1149 1592 &Italicas
1250 1612 1253 1619 k

116 1647 118 1656 ‘
172 1640 328 1716 colonias
345 1639 553 1714 carminibus
569 1639 722 1738 Sibylla,
749 1665 819 1714 una
834 1637 892 1712 seu
908 1640 1022 1737 plures
1038 1634 1147 1729 suere,

118 1835 120 1840 .
173 1764 326 1859 datoque
348 1759 579 1835 sacerdotibus
612 1759 768 1858 negoti0‚
803 1761 974 1858 quantum
997 1761 1148 1852 humani

147 1972 149 1975 Ι
174 1908 243 1980 ope
267 1880 466 1979 potuissent,
484 1906 567 1953 vera
582 1879 782 1959 discernere.
831 1873 944 1980 Igitur
960 1902 1043 1954 tunc
1061 1906 1149 1980 quo·

175 2028 245 2100 que
264 2001 398 2074 notioni
416 2000 736 2099 quindecimvirum
762 1999 802 2074 is'
815 2000 901 2074 liber
917 1999 1108 2100 subjicitur.

110 2220 113 2228 ¹
221 2123 321 2196 XIII.
335 2124 476 2195 Irsounr
494 2120 705 2210 consulibus,
724 2121 892 2220 gravitate
908 2122 1149 2222 annonaejux·

169 2263 207 2316 ta
233 2241 436 2317 seditionem
466 2264 635 2316 ventum:
662 2244 855 2339 multaque,
888 2249 921 2318 δι
948 2247 1060 2340 plures
1087 2269 1148 2342 per

172 2363 260 2453 dies,
284 2363 320 2434 in
336 2365 474 2443 theatro
492 2362 651 2442 licentiirs
669 2362 868 2462 efflagitata,
889 2364 996 2460 quam
1012 2363 1151 2438 solitum

174 2482 362 2559 adversum
378 2483 649 2578 Imperatorem:
677 2485 755 2580 quis
782 2503 995 2575 commotus,
1019 2483 1149 2558 incusa-

174 2600 225 2674 vit
265 2601 483 2699 magistratus
512 2600 703 2701 patresque,
740 2611 767 2648 “
786 2603 883 2702 qubd
912 2629 983 2678 non
1012 2603 1152 2700 publics

176 2728 205 2774 “
222 2721 421 2796 auctoritate
451 2725 624 2820 populum
646 2724 872 2799 coercuissent
886 2725 923 2797 :’'
946 2723 1153 2821 addiditque

175 2841 301 2940 quibus
330 2868 350 2916 e
376 2843 575 2941 provinciis,
606 2849 640 2922 dr
670 2843 800 2947 quantb
832 2843 1012 2942 majorem,
1043 2845 1152 2943 quim

176 2964 371 3062 Augustus,
395 2963 443 3036 rei
460 2963 694 3039 frumentariae'
709 2965 849 3063 copiam
866 2967 1072 3040 advedaret.
1099 2968 1153 3041 Ita

176 3082 386 3180 castigandae
420 3086 514 3180 plebi
544 3090 777 3183 compostum
810 3084 1151 3178 senatusconsultum,

158 3202 288 3302 ‘prisci
303 3202 505 3281 severitate:
536 3231 649 3304 neque
665 3205 803 3305 segnius
820 3204 975 3280 consules
991 3205 1150 3280 edixerea
1221 3267 1225 3275 .
1252 3284 1255 3286 ,

178 3323 350 3398 silentium
376 3324 478 3421 ipsius
496 3352 567 3399 non
583 3325 700 3417 civile,
729 3348 769 3400 ut
801 3326 1009 3414 crediderat,
1035 3324 1154 3403 sedin

175 3443 374 3542 superbiam
401 3446 644 3543 accipiebatur.

227 3567 326 3639 XIV.
342 3564 455 3640 JFru'r
473 3566 554 3640 anni
571 3567 768 3657 Geminius,
794 3564 927 3655 Celsus,
949 3567 1152 3665 Pompeius,

177 3684 309 3784 equites
334 3686 504 3776 Romani,
547 3688 702 3763 cecidere
726 3685 970 3785 conjurationis
996 3687 1154 3762 crimine.

180 3808 239 3885 Ex
255 3808 335 3906 quis
353 3806 537 3883 Geminius
554 3808 772 3909 prodigenth
788 3834 913 3908 opum,
942 3834 982 3884 ac
1011 3807 1156 3888 mollitis
