<?xml version="1.0" encoding="UTF-8"?>
<!DOCTYPE html PUBLIC "-//W3C//DTD XHTML 1.0 Transitional//EN"
    "http://www.w3.org/TR/xhtml1/DTD/xhtml1-transitional.dtd">
<html xmlns="http://www.w3.org/1999/xhtml" xml:lang="en" lang="en">
 <head>
  <title>
</title>
<meta http-equiv="Content-Type" content="text/html;charset=utf-8" />
  <meta name='ocr-system' content='tesseract 3.04.00' />
  <meta name='ocr-capabilities' content='ocr_page ocr_carea ocr_par ocr_line ocrx_word'/>
</head>
<body>
  <div class='ocr_page' id='page_1' title='image "./ccorneliitaciti00freigoog_0175.png"; bbox 0 0 2834 4732; ppageno 0'>
   <div class='ocr_carea' id='block_1_1' title="bbox 285 311 1067 424">
    <p class='ocr_par' dir='ltr' id='par_1_1' title="bbox 285 311 1067 424">
     <span class='ocr_line' id='line_1_1' title="bbox 285 311 1067 424; baseline 0 -18"><span class='ocrx_word' id='word_1_1' title='bbox 285 358 354 424; x_wconf 85' lang='lat'>124</span> <span class='ocrx_word' id='word_1_2' title='bbox 473 332 513 401; x_wconf 86' lang='lat' dir='ltr'>C.</span> <span class='ocrx_word' id='word_1_3' title='bbox 547 311 1067 407; x_wconf 56' lang='lat' dir='ltr'>contemnem</span> 
     </span>
    </p>
   </div>
   <div class='ocr_carea' id='block_1_2' title="bbox 171 499 1348 3846">
    <p class='ocr_par' dir='ltr' id='par_1_2' title="bbox 171 499 1348 3112">
     <span class='ocr_line' id='line_1_2' title="bbox 283 499 1253 596; baseline 0.004 -20"><span class='ocrx_word' id='word_1_4' title='bbox 283 512 309 548; x_wconf 91' lang='lat'><strong>“</strong></span> <span class='ocrx_word' id='word_1_5' title='bbox 327 503 449 576; x_wconf 88' lang='lat' dir='ltr'>scelere</span> <span class='ocrx_word' id='word_1_6' title='bbox 464 499 594 572; x_wconf 91' lang='lat' dir='ltr'>Pisonis</span> <span class='ocrx_word' id='word_1_7' title='bbox 618 499 1081 596; x_wconf 85' lang='lat' dir='ltr'>&amp;Plancinaeintercepms‚</span> <span class='ocrx_word' id='word_1_8' title='bbox 1115 503 1253 579; x_wconf 61' lang='lat' dir='ltr'>ultime</span> 
     </span>
     <span class='ocr_line' id='line_1_3' title="bbox 281 618 1253 720; baseline 0.004 -28"><span class='ocrx_word' id='word_1_9' title='bbox 281 629 309 664; x_wconf 90' lang='lat'><strong><em>“</em></strong></span> <span class='ocrx_word' id='word_1_10' title='bbox 326 646 444 718; x_wconf 89' lang='lat' dir='ltr'><strong>preces</strong></span> <span class='ocrx_word' id='word_1_11' title='bbox 458 620 654 718; x_wconf 67' lang='lat' dir='ltr'>pectoribus</span> <span class='ocrx_word' id='word_1_12' title='bbox 671 620 789 693; x_wconf 85' lang='lat' dir='ltr'>vestris</span> <span class='ocrx_word' id='word_1_13' title='bbox 806 620 988 717; x_wconf 84' lang='lat' dir='ltr'>relinquo:</span> <span class='ocrx_word' id='word_1_14' title='bbox 1024 618 1174 693; x_wconf 82' lang='lat' dir='ltr'>reseratis</span> <span class='ocrx_word' id='word_1_15' title='bbox 1190 649 1253 720; x_wconf 90' lang='lat' dir='ltr'>pa·</span> 
     </span>
     <span class='ocr_line' id='line_1_4' title="bbox 268 740 1255 845; baseline 0.004 -33"><span class='ocrx_word' id='word_1_16' title='bbox 268 748 307 825; x_wconf 14' lang='lat'>1“</span> <span class='ocrx_word' id='word_1_17' title='bbox 324 741 364 812; x_wconf 90' lang='lat' dir='ltr'>tri</span> <span class='ocrx_word' id='word_1_18' title='bbox 400 740 575 832; x_wconf 65' lang='lat' dir='ltr'>acfredi,</span> <span class='ocrx_word' id='word_1_19' title='bbox 616 741 741 838; x_wconf 89' lang='lat' dir='ltr'>quibus</span> <span class='ocrx_word' id='word_1_20' title='bbox 766 740 1008 814; x_wconf 81' lang='lat' dir='ltr'>acerbitatibus</span> <span class='ocrx_word' id='word_1_21' title='bbox 1040 740 1255 845; x_wconf 76' lang='lat' dir='ltr'>dilaceratus,</span> 
     </span>
     <span class='ocr_line' id='line_1_5' title="bbox 279 859 1253 959; baseline 0.002 -26"><span class='ocrx_word' id='word_1_22' title='bbox 279 867 306 903; x_wconf 89' lang='lat'><strong>“</strong></span> <span class='ocrx_word' id='word_1_23' title='bbox 325 860 452 959; x_wconf 89' lang='lat' dir='ltr'>quibus</span> <span class='ocrx_word' id='word_1_24' title='bbox 480 861 608 935; x_wconf 80' lang='lat' dir='ltr'>insidiis</span> <span class='ocrx_word' id='word_1_25' title='bbox 625 861 882 951; x_wconf 88' lang='lat' dir='ltr'>circumventus</span> <span class='ocrx_word' id='word_1_26' title='bbox 906 859 1128 934; x_wconf 84' lang='lat' dir='ltr'>miserrimam</span> <span class='ocrx_word' id='word_1_27' title='bbox 1144 861 1253 935; x_wconf 90' lang='lat' dir='ltr'>vitam</span> 
     </span>
     <span class='ocr_line' id='line_1_6' title="bbox 171 979 1253 1080; baseline 0 -26"><span class='ocrx_word' id='word_1_28' title='bbox 171 994 177 1003; x_wconf 84' lang='grc'><em>’</em></span> <span class='ocrx_word' id='word_1_29' title='bbox 279 988 307 1023; x_wconf 90' lang='grc'><strong>“</strong></span> <span class='ocrx_word' id='word_1_30' title='bbox 327 984 466 1079; x_wconf 68' lang='grc' dir='ltr'>ρείῖιιηᾶ</span> <span class='ocrx_word' id='word_1_31' title='bbox 493 1003 604 1055; x_wconf 90' lang='lat' dir='ltr'>morte</span> <span class='ocrx_word' id='word_1_32' title='bbox 627 980 786 1055; x_wconf 87' lang='lat' dir='ltr'>finierim.</span> <span class='ocrx_word' id='word_1_33' title='bbox 836 981 869 1055; x_wconf 89' lang='lat' dir='ltr'>Si</span> <span class='ocrx_word' id='word_1_34' title='bbox 892 1008 979 1080; x_wconf 90' lang='lat' dir='ltr'>quos</span> <span class='ocrx_word' id='word_1_35' title='bbox 1002 979 1076 1079; x_wconf 89' lang='lat' dir='ltr'>spes</span> <span class='ocrx_word' id='word_1_36' title='bbox 1101 1008 1202 1071; x_wconf 85' lang='lat' dir='ltr'>meae,</span> <span class='ocrx_word' id='word_1_37' title='bbox 1230 985 1253 1054; x_wconf 89' lang='lat' dir='ltr'>fi</span> 
     </span>
     <span class='ocr_line' id='line_1_7' title="bbox 280 1091 1252 1201; baseline -0.001 -26"><span class='ocrx_word' id='word_1_38' title='bbox 280 1109 308 1144; x_wconf 89' lang='lat'><strong>“</strong></span> <span class='ocrx_word' id='word_1_39' title='bbox 327 1129 414 1199; x_wconf 92' lang='lat' dir='ltr'>quos</span> <span class='ocrx_word' id='word_1_40' title='bbox 428 1103 645 1201; x_wconf 89' lang='lat' dir='ltr'>propinquus</span> <span class='ocrx_word' id='word_1_41' title='bbox 653 1102 805 1201; x_wconf 83' lang='lat' dir='ltr'>sanguis,</span> <span class='ocrx_word' id='word_1_42' title='bbox 832 1102 936 1175; x_wconf 88' lang='lat' dir='ltr'>etiam</span> <span class='ocrx_word' id='word_1_43' title='bbox 954 1091 1044 1200; x_wconf 85' lang='lat' dir='ltr'>quos</span> <span class='ocrx_word' id='word_1_44' title='bbox 1060 1101 1191 1175; x_wconf 88' lang='lat' dir='ltr'>invidia</span> <span class='ocrx_word' id='word_1_45' title='bbox 1202 1127 1252 1174; x_wconf 89' lang='lat' dir='ltr'>er-</span> 
     </span>
     <span class='ocr_line' id='line_1_8' title="bbox 277 1223 1254 1321; baseline -0.001 -25"><span class='ocrx_word' id='word_1_46' title='bbox 277 1224 562 1321; x_wconf 74' lang='lat' dir='ltr'>“gaviventem</span> <span class='ocrx_word' id='word_1_47' title='bbox 574 1224 752 1313; x_wconf 82' lang='lat' dir='ltr'>movebat,</span> <span class='ocrx_word' id='word_1_48' title='bbox 770 1223 1049 1313; x_wconf 83' lang='lat' dir='ltr'>inlacrimabunt,</span> <span class='ocrx_word' id='word_1_49' title='bbox 1074 1224 1254 1321; x_wconf 89' lang='lat' dir='ltr'>quondam</span> 
     </span>
     <span class='ocr_line' id='line_1_9' title="bbox 280 1340 1254 1441; baseline -0.003 -24"><span class='ocrx_word' id='word_1_50' title='bbox 280 1350 306 1385; x_wconf 83' lang='lat'>‘⁴</span> <span class='ocrx_word' id='word_1_51' title='bbox 326 1347 523 1434; x_wconf 86' lang='lat' dir='ltr'>florentem,</span> <span class='ocrx_word' id='word_1_52' title='bbox 538 1348 583 1417; x_wconf 65' lang='grc' dir='ltr'>ἃ</span> <span class='ocrx_word' id='word_1_53' title='bbox 596 1364 648 1417; x_wconf 90' lang='lat' dir='ltr'>tot</span> <span class='ocrx_word' id='word_1_54' title='bbox 661 1345 833 1417; x_wconf 79' lang='lat' dir='ltr'>beliorum</span> <span class='ocrx_word' id='word_1_55' title='bbox 846 1340 1254 1441; x_wconf 66' lang='lat' dir='ltr'>superstitem,=muliebri</span> 
     </span>
     <span class='ocr_line' id='line_1_10' title="bbox 280 1463 1254 1562; baseline 0 -26"><span class='ocrx_word' id='word_1_56' title='bbox 280 1472 309 1506; x_wconf 86' lang='lat'>“</span> <span class='ocrx_word' id='word_1_57' title='bbox 327 1464 448 1538; x_wconf 87' lang='lat' dir='ltr'>fraude</span> <span class='ocrx_word' id='word_1_58' title='bbox 465 1464 631 1539; x_wconf 81' lang='lat' dir='ltr'>cecidisse.</span> <span class='ocrx_word' id='word_1_59' title='bbox 667 1464 743 1537; x_wconf 90' lang='lat' dir='ltr'>Erit</span> <span class='ocrx_word' id='word_1_60' title='bbox 755 1464 855 1537; x_wconf 88' lang='lat' dir='ltr'>vobis</span> <span class='ocrx_word' id='word_1_61' title='bbox 868 1466 965 1537; x_wconf 92' lang='lat' dir='ltr'>locus</span> <span class='ocrx_word' id='word_1_62' title='bbox 979 1463 1146 1562; x_wconf 88' lang='lat' dir='ltr'>querendi</span> <span class='ocrx_word' id='word_1_63' title='bbox 1162 1465 1254 1560; x_wconf 93' lang='lat' dir='ltr'>apud</span> 
     </span>
     <span class='ocr_line' id='line_1_11' title="bbox 281 1583 1253 1683; baseline 0.002 -28"><span class='ocrx_word' id='word_1_64' title='bbox 281 1592 307 1626; x_wconf 90' lang='lat'><strong>“</strong></span> <span class='ocrx_word' id='word_1_65' title='bbox 327 1583 494 1675; x_wconf 89' lang='lat' dir='ltr'>senatum,</span> <span class='ocrx_word' id='word_1_66' title='bbox 513 1584 702 1657; x_wconf 88' lang='lat' dir='ltr'>invocandi</span> <span class='ocrx_word' id='word_1_67' title='bbox 714 1587 818 1683; x_wconf 86' lang='lat' dir='ltr'>leges.</span> <span class='ocrx_word' id='word_1_68' title='bbox 856 1587 942 1657; x_wconf 92' lang='lat' dir='ltr'>Non</span> <span class='ocrx_word' id='word_1_69' title='bbox 957 1586 1024 1657; x_wconf 91' lang='lat' dir='ltr'>hoc</span> <span class='ocrx_word' id='word_1_70' title='bbox 1038 1583 1253 1682; x_wconf 82' lang='lat' dir='ltr'>praecipuum</span> 
     </span>
     <span class='ocr_line' id='line_1_12' title="bbox 281 1690 1253 1803; baseline -0.002 -26"><span class='ocrx_word' id='word_1_71' title='bbox 281 1713 309 1747; x_wconf 93' lang='lat'><strong>“</strong></span> <span class='ocrx_word' id='word_1_72' title='bbox 326 1705 519 1779; x_wconf 89' lang='lat' dir='ltr'>amicorum</span> <span class='ocrx_word' id='word_1_73' title='bbox 532 1690 658 1777; x_wconf 88' lang='lat' dir='ltr'>munus</span> <span class='ocrx_word' id='word_1_74' title='bbox 672 1704 732 1793; x_wconf 88' lang='lat' dir='ltr'>est,</span> <span class='ocrx_word' id='word_1_75' title='bbox 759 1702 920 1801; x_wconf 89' lang='lat' dir='ltr'>prosequi</span> <span class='ocrx_word' id='word_1_76' title='bbox 934 1704 1139 1777; x_wconf 68' lang='lat' dir='ltr'>defundum</span> <span class='ocrx_word' id='word_1_77' title='bbox 1157 1704 1253 1803; x_wconf 86' lang='lat' dir='ltr'>igna-</span> 
     </span>
     <span class='ocr_line' id='line_1_13' title="bbox 280 1824 1253 1922; baseline 0 -25"><span class='ocrx_word' id='word_1_78' title='bbox 280 1833 373 1897; x_wconf 90' lang='lat' dir='ltr'>“vo</span> <span class='ocrx_word' id='word_1_79' title='bbox 401 1826 544 1921; x_wconf 92' lang='lat' dir='ltr'>questu:</span> <span class='ocrx_word' id='word_1_80' title='bbox 572 1824 629 1897; x_wconf 89' lang='lat' dir='ltr'>sed</span> <span class='ocrx_word' id='word_1_81' title='bbox 657 1849 735 1921; x_wconf 84' lang='lat' dir='ltr'>quae</span> <span class='ocrx_word' id='word_1_82' title='bbox 765 1825 912 1897; x_wconf 88' lang='lat' dir='ltr'>voluerit</span> <span class='ocrx_word' id='word_1_83' title='bbox 941 1826 1148 1915; x_wconf 80' lang='lat' dir='ltr'>meminisse,</span> <span class='ocrx_word' id='word_1_84' title='bbox 1176 1850 1253 1922; x_wconf 86' lang='lat' dir='ltr'>quae</span> 
     </span>
     <span class='ocr_line' id='line_1_14' title="bbox 279 1924 1254 2040; baseline 0.002 -25"><span class='ocrx_word' id='word_1_85' title='bbox 279 1951 306 1986; x_wconf 89' lang='lat'>“</span> <span class='ocrx_word' id='word_1_86' title='bbox 324 1944 541 2016; x_wconf 90' lang='lat' dir='ltr'>mandaverit</span> <span class='ocrx_word' id='word_1_87' title='bbox 554 1924 692 2040; x_wconf 84' lang='lat' dir='ltr'>exsequi</span> <span class='ocrx_word' id='word_1_88' title='bbox 708 1971 716 2014; x_wconf 92' lang='lat'><strong>:</strong></span> <span class='ocrx_word' id='word_1_89' title='bbox 742 1947 876 2015; x_wconf 91' lang='lat' dir='ltr'>flebunt</span> <span class='ocrx_word' id='word_1_90' title='bbox 889 1944 1137 2018; x_wconf 85' lang='lat' dir='ltr'>Germanicum</span> <span class='ocrx_word' id='word_1_91' title='bbox 1151 1945 1254 2017; x_wconf 89' lang='lat' dir='ltr'>etiam</span> 
     </span>
     <span class='ocr_line' id='line_1_15' title="bbox 279 2060 1348 2161; baseline 0 -26"><span class='ocrx_word' id='word_1_92' title='bbox 279 2070 307 2105; x_wconf 91' lang='lat'><strong>“</strong></span> <span class='ocrx_word' id='word_1_93' title='bbox 326 2062 461 2161; x_wconf 85' lang='lat' dir='ltr'>ignoti:</span> <span class='ocrx_word' id='word_1_94' title='bbox 490 2060 709 2134; x_wconf 82' lang='lat' dir='ltr'>vindicabitis</span> <span class='ocrx_word' id='word_1_95' title='bbox 725 2086 803 2149; x_wconf 83' lang='lat' dir='ltr'>vos,</span> <span class='ocrx_word' id='word_1_96' title='bbox 831 2065 852 2131; x_wconf 84' lang='lat' dir='ltr'>sr</span> <span class='ocrx_word' id='word_1_97' title='bbox 866 2086 922 2132; x_wconf 91' lang='lat' dir='ltr'>me</span> <span class='ocrx_word' id='word_1_98' title='bbox 935 2063 1049 2156; x_wconf 65' lang='lat' dir='ltr'>potitis</span> <span class='ocrx_word' id='word_1_99' title='bbox 1062 2065 1170 2159; x_wconf 65' lang='lat' dir='ltr'>quim</span> <span class='ocrx_word' id='word_1_100' title='bbox 1182 2063 1252 2135; x_wconf 90' lang='lat' dir='ltr'>sor·</span> <span class='ocrx_word' id='word_1_101' title='bbox 1345 2064 1348 2075; x_wconf 80' lang='grc'><em>’</em></span> 
     </span>
     <span class='ocr_line' id='line_1_16' title="bbox 195 2163 1252 2277; baseline 0.004 -24"><span class='ocrx_word' id='word_1_102' title='bbox 195 2267 199 2275; x_wconf 23' lang='lat'>⁸</span> <span class='ocrx_word' id='word_1_103' title='bbox 279 2189 445 2254; x_wconf 90' lang='lat' dir='ltr'>“tunam</span> <span class='ocrx_word' id='word_1_104' title='bbox 462 2208 578 2255; x_wconf 89' lang='lat' dir='ltr'>meam</span> <span class='ocrx_word' id='word_1_105' title='bbox 595 2163 775 2254; x_wconf 87' lang='lat' dir='ltr'>fovebatis.</span> <span class='ocrx_word' id='word_1_106' title='bbox 824 2178 1005 2253; x_wconf 89' lang='lat' dir='ltr'>Ostendite</span> <span class='ocrx_word' id='word_1_107' title='bbox 1024 2185 1156 2277; x_wconf 91' lang='lat' dir='ltr'>populo</span> <span class='ocrx_word' id='word_1_108' title='bbox 1175 2186 1252 2257; x_wconf 90' lang='lat' dir='ltr'>Ro-</span> 
     </span>
     <span class='ocr_line' id='line_1_17' title="bbox 278 2296 1253 2403; baseline 0 -28"><span class='ocrx_word' id='word_1_109' title='bbox 278 2310 307 2346; x_wconf 92' lang='lat'><strong>“</strong></span> <span class='ocrx_word' id='word_1_110' title='bbox 326 2329 432 2376; x_wconf 93' lang='lat' dir='ltr'>mano</span> <span class='ocrx_word' id='word_1_111' title='bbox 447 2302 521 2375; x_wconf 87' lang='lat' dir='ltr'>divi</span> <span class='ocrx_word' id='word_1_112' title='bbox 539 2296 691 2403; x_wconf 83' lang='lat' dir='ltr'>Augusti</span> <span class='ocrx_word' id='word_1_113' title='bbox 705 2323 860 2398; x_wconf 85' lang='lat' dir='ltr'>neptem,</span> <span class='ocrx_word' id='word_1_114' title='bbox 885 2299 1117 2399; x_wconf 89' lang='lat' dir='ltr'>eamdemque</span> <span class='ocrx_word' id='word_1_115' title='bbox 1134 2301 1253 2400; x_wconf 87' lang='lat' dir='ltr'>conju-</span> 
     </span>
     <span class='ocr_line' id='line_1_18' title="bbox 280 2419 1253 2521; baseline 0.001 -27"><span class='ocrx_word' id='word_1_116' title='bbox 280 2431 309 2494; x_wconf 85' lang='lat'>.“</span> <span class='ocrx_word' id='word_1_117' title='bbox 328 2449 410 2521; x_wconf 86' lang='lat' dir='ltr'>gem</span> <span class='ocrx_word' id='word_1_118' title='bbox 432 2449 571 2497; x_wconf 85' lang='lat' dir='ltr'>meam:</span> <span class='ocrx_word' id='word_1_119' title='bbox 603 2441 778 2495; x_wconf 89' lang='lat' dir='ltr'>numerate</span> <span class='ocrx_word' id='word_1_120' title='bbox 795 2419 853 2493; x_wconf 84' lang='lat' dir='ltr'>sex</span> <span class='ocrx_word' id='word_1_121' title='bbox 869 2419 1005 2494; x_wconf 84' lang='lat' dir='ltr'>liberos.</span> <span class='ocrx_word' id='word_1_122' title='bbox 1054 2419 1253 2495; x_wconf 89' lang='lat' dir='ltr'>Misericor-</span> 
     </span>
     <span class='ocr_line' id='line_1_19' title="bbox 280 2526 1253 2639; baseline -0.001 -23"><span class='ocrx_word' id='word_1_123' title='bbox 280 2551 307 2588; x_wconf 92' lang='lat'><strong>“</strong></span> <span class='ocrx_word' id='word_1_124' title='bbox 325 2543 384 2616; x_wconf 89' lang='lat' dir='ltr'>dia</span> <span class='ocrx_word' id='word_1_125' title='bbox 396 2571 477 2617; x_wconf 90' lang='lat' dir='ltr'>cum</span> <span class='ocrx_word' id='word_1_126' title='bbox 489 2542 722 2617; x_wconf 82' lang='lat' dir='ltr'>accusantibus</span> <span class='ocrx_word' id='word_1_127' title='bbox 736 2526 816 2615; x_wconf 81' lang='lat' dir='ltr'>erit:</span> <span class='ocrx_word' id='word_1_128' title='bbox 845 2540 1125 2639; x_wconf 83' lang='lat' dir='ltr'>fingentibusque</span> <span class='ocrx_word' id='word_1_129' title='bbox 1137 2541 1253 2615; x_wconf 86' lang='lat' dir='ltr'>sceles-</span> 
     </span>
     <span class='ocr_line' id='line_1_20' title="bbox 279 2662 1255 2754; baseline -0.003 -15"><span class='ocrx_word' id='word_1_130' title='bbox 279 2671 307 2709; x_wconf 91' lang='lat'><strong>“</strong></span> <span class='ocrx_word' id='word_1_131' title='bbox 324 2687 360 2738; x_wconf 85' lang='lat' dir='ltr'>ta</span> <span class='ocrx_word' id='word_1_132' title='bbox 377 2666 552 2754; x_wconf 85' lang='lat' dir='ltr'>mandata,</span> <span class='ocrx_word' id='word_1_133' title='bbox 579 2683 726 2736; x_wconf 91' lang='lat' dir='ltr'>autnon</span> <span class='ocrx_word' id='word_1_134' title='bbox 744 2663 885 2735; x_wconf 91' lang='lat' dir='ltr'>credent</span> <span class='ocrx_word' id='word_1_135' title='bbox 903 2662 1075 2752; x_wconf 89' lang='lat' dir='ltr'>homines,</span> <span class='ocrx_word' id='word_1_136' title='bbox 1102 2683 1161 2735; x_wconf 90' lang='lat' dir='ltr'>aut</span> <span class='ocrx_word' id='word_1_137' title='bbox 1182 2690 1255 2737; x_wconf 93' lang='lat' dir='ltr'>non</span> 
     </span>
     <span class='ocr_line' id='line_1_21' title="bbox 279 2781 1254 2885; baseline -0.003 -25"><span class='ocrx_word' id='word_1_138' title='bbox 279 2793 307 2830; x_wconf 91' lang='lat'><strong>“</strong></span> <span class='ocrx_word' id='word_1_139' title='bbox 325 2785 538 2885; x_wconf 84' lang='lat' dir='ltr'>ignoscent.’&#39;</span> <span class='ocrx_word' id='word_1_140' title='bbox 587 2784 753 2880; x_wconf 68' lang='lat' dir='ltr'>Juravere</span> <span class='ocrx_word' id='word_1_141' title='bbox 775 2781 891 2871; x_wconf 88' lang='lat' dir='ltr'>amici,</span> <span class='ocrx_word' id='word_1_142' title='bbox 917 2783 1078 2857; x_wconf 83' lang='lat' dir='ltr'>dextram</span> <span class='ocrx_word' id='word_1_143' title='bbox 1103 2783 1254 2857; x_wconf 90' lang='lat' dir='ltr'>morien·</span> 
     </span>
     <span class='ocr_line' id='line_1_22' title="bbox 278 2900 1253 3007; baseline 0.001 -29"><span class='ocrx_word' id='word_1_144' title='bbox 278 2906 321 2978; x_wconf 87' lang='lat' dir='ltr'>tis</span> <span class='ocrx_word' id='word_1_145' title='bbox 338 2907 590 3006; x_wconf 82' lang='lat' dir='ltr'>contingentes,</span> <span class='ocrx_word' id='word_1_146' title='bbox 618 2903 820 3007; x_wconf 88' lang='lat' dir='ltr'>“spiritum</span> <span class='ocrx_word' id='word_1_147' title='bbox 844 2900 924 2974; x_wconf 59' lang='lat' dir='ltr'>ant&amp;</span> <span class='ocrx_word' id='word_1_148' title='bbox 949 2903 1057 3004; x_wconf 74' lang='lat' dir='ltr'>quam</span> <span class='ocrx_word' id='word_1_149' title='bbox 1081 2903 1253 2979; x_wconf 88' lang='lat' dir='ltr'>ultionem</span> 
     </span>
     <span class='ocr_line' id='line_1_23' title="bbox 282 3027 966 3112; baseline 0.001 -13"><span class='ocrx_word' id='word_1_150' title='bbox 282 3034 309 3069; x_wconf 92' lang='lat'><strong>“</strong></span> <span class='ocrx_word' id='word_1_151' title='bbox 328 3027 544 3100; x_wconf 85' lang='lat' dir='ltr'>amifl&#39;uros.”</span> <span class='ocrx_word' id='word_1_152' title='bbox 960 3100 966 3112; x_wconf 78' lang='grc'>,</span> 
     </span>
    </p>

    <p class='ocr_par' dir='ltr' id='par_1_3' title="bbox 248 3130 1253 3846">
     <span class='ocr_line' id='line_1_24' title="bbox 325 3130 1251 3244; baseline -0.001 -23"><span class='ocrx_word' id='word_1_153' title='bbox 325 3149 479 3221; x_wconf 87' lang='lat' dir='ltr'>LXXII.</span> <span class='ocrx_word' id='word_1_154' title='bbox 496 3149 594 3220; x_wconf 80' lang='lat' dir='ltr'>Tum</span> <span class='ocrx_word' id='word_1_155' title='bbox 611 3148 654 3220; x_wconf 91' lang='lat' dir='ltr'>ad</span> <span class='ocrx_word' id='word_1_156' title='bbox 672 3171 819 3220; x_wconf 88' lang='lat' dir='ltr'>uxorem</span> <span class='ocrx_word' id='word_1_157' title='bbox 835 3130 964 3235; x_wconf 85' lang='lat' dir='ltr'>versus,</span> <span class='ocrx_word' id='word_1_158' title='bbox 996 3154 1023 3189; x_wconf 89' lang='lat'><strong>“</strong></span> <span class='ocrx_word' id='word_1_159' title='bbox 1043 3173 1104 3244; x_wconf 90' lang='lat' dir='ltr'>per</span> <span class='ocrx_word' id='word_1_160' title='bbox 1120 3173 1251 3220; x_wconf 93' lang='lat' dir='ltr'>memo-</span> 
     </span>
     <span class='ocr_line' id='line_1_25' title="bbox 248 3266 1253 3364; baseline 0.001 -24"><span class='ocrx_word' id='word_1_161' title='bbox 248 3312 252 3321; x_wconf 67' lang='grc'><strong>«</strong></span> <span class='ocrx_word' id='word_1_162' title='bbox 279 3276 306 3310; x_wconf 87' lang='grc'><strong>“</strong></span> <span class='ocrx_word' id='word_1_163' title='bbox 326 3268 413 3342; x_wconf 87' lang='lat' dir='ltr'>riam</span> <span class='ocrx_word' id='word_1_164' title='bbox 427 3266 493 3357; x_wconf 76' lang='lat' dir='ltr'>sus,</span> <span class='ocrx_word' id='word_1_165' title='bbox 520 3293 581 3364; x_wconf 87' lang='lat' dir='ltr'>per</span> <span class='ocrx_word' id='word_1_166' title='bbox 597 3294 802 3341; x_wconf 91' lang='lat' dir='ltr'>communes</span> <span class='ocrx_word' id='word_1_167' title='bbox 820 3269 968 3347; x_wconf 87' lang='lat' dir='ltr'>liberos’&#39;</span> <span class='ocrx_word' id='word_1_168' title='bbox 983 3271 1107 3361; x_wconf 89' lang='lat' dir='ltr'>oravit,</span> <span class='ocrx_word' id='word_1_169' title='bbox 1127 3275 1154 3312; x_wconf 89' lang='lat'><strong>“</strong></span> <span class='ocrx_word' id='word_1_170' title='bbox 1168 3294 1253 3342; x_wconf 87' lang='lat' dir='ltr'>exu-</span> 
     </span>
     <span class='ocr_line' id='line_1_26' title="bbox 279 3386 1252 3478; baseline 0.003 -19"><span class='ocrx_word' id='word_1_171' title='bbox 279 3392 305 3429; x_wconf 91' lang='lat'><strong>“</strong></span> <span class='ocrx_word' id='word_1_172' title='bbox 324 3409 395 3460; x_wconf 88' lang='lat' dir='ltr'>eret</span> <span class='ocrx_word' id='word_1_173' title='bbox 414 3387 591 3478; x_wconf 83' lang='lat' dir='ltr'>ferociam,</span> <span class='ocrx_word' id='word_1_174' title='bbox 617 3386 768 3461; x_wconf 88' lang='lat' dir='ltr'>saevienti</span> <span class='ocrx_word' id='word_1_175' title='bbox 785 3388 933 3466; x_wconf 88' lang='lat' dir='ltr'>fortunae</span> <span class='ocrx_word' id='word_1_176' title='bbox 951 3392 1165 3469; x_wconf 90' lang='lat' dir='ltr'>submitteret</span> <span class='ocrx_word' id='word_1_177' title='bbox 1181 3390 1252 3462; x_wconf 89' lang='lat' dir='ltr'>ani·</span> 
     </span>
     <span class='ocr_line' id='line_1_27' title="bbox 279 3504 1251 3606; baseline 0 -27"><span class='ocrx_word' id='word_1_178' title='bbox 279 3513 306 3549; x_wconf 92' lang='lat'><strong>“</strong></span> <span class='ocrx_word' id='word_1_179' title='bbox 325 3533 450 3595; x_wconf 91' lang='lat' dir='ltr'>mum;</span> <span class='ocrx_word' id='word_1_180' title='bbox 477 3537 545 3582; x_wconf 91' lang='lat' dir='ltr'>neu</span> <span class='ocrx_word' id='word_1_181' title='bbox 564 3511 710 3606; x_wconf 84' lang='lat' dir='ltr'>regressa</span> <span class='ocrx_word' id='word_1_182' title='bbox 731 3507 767 3581; x_wconf 93' lang='lat' dir='ltr'>in</span> <span class='ocrx_word' id='word_1_183' title='bbox 791 3512 931 3587; x_wconf 90' lang='lat' dir='ltr'>Urbem</span> <span class='ocrx_word' id='word_1_184' title='bbox 947 3504 1170 3588; x_wconf 76' lang='lat' dir='ltr'>‘aemulatione</span> <span class='ocrx_word' id='word_1_185' title='bbox 1187 3534 1251 3603; x_wconf 91' lang='lat' dir='ltr'>po-</span> 
     </span>
     <span class='ocr_line' id='line_1_28' title="bbox 279 3627 1252 3731; baseline 0.003 -33"><span class='ocrx_word' id='word_1_186' title='bbox 279 3633 308 3669; x_wconf 89' lang='lat'><strong>“</strong></span> <span class='ocrx_word' id='word_1_187' title='bbox 326 3627 439 3700; x_wconf 83' lang='lat' dir='ltr'>tentia</span> <span class='ocrx_word' id='word_1_188' title='bbox 454 3629 635 3702; x_wconf 89' lang='lat' dir='ltr'>validiores</span> <span class='ocrx_word' id='word_1_189' title='bbox 647 3629 833 3703; x_wconf 86' lang='lat' dir='ltr'>inritaret.&#39;&#39;</span> <span class='ocrx_word' id='word_1_190' title='bbox 883 3637 975 3709; x_wconf 82' lang='lat' dir='ltr'>Haec</span> <span class='ocrx_word' id='word_1_191' title='bbox 988 3636 1116 3731; x_wconf 89' lang='lat' dir='ltr'>palam,</span> <span class='ocrx_word' id='word_1_192' title='bbox 1140 3627 1252 3701; x_wconf 84' lang='lat' dir='ltr'>&amp;alia</span> 
     </span>
     <span class='ocr_line' id='line_1_29' title="bbox 277 3745 1251 3846; baseline 0.003 -25"><span class='ocrx_word' id='word_1_193' title='bbox 277 3745 419 3837; x_wconf 79' lang='lat' dir='ltr'>secretb,</span> <span class='ocrx_word' id='word_1_194' title='bbox 450 3773 512 3845; x_wconf 91' lang='lat' dir='ltr'>per</span> <span class='ocrx_word' id='word_1_195' title='bbox 529 3775 607 3846; x_wconf 86' lang='lat' dir='ltr'>quae</span> <span class='ocrx_word' id='word_1_196' title='bbox 625 3750 807 3826; x_wconf 86' lang='lat' dir='ltr'>ostendere</span> <span class='ocrx_word' id='word_1_197' title='bbox 823 3756 1027 3835; x_wconf 85' lang='lat' dir='ltr'>credebatur</span> <span class='ocrx_word' id='word_1_198' title='bbox 1050 3769 1184 3826; x_wconf 88' lang='lat' dir='ltr'>metum</span> <span class='ocrx_word' id='word_1_199' title='bbox 1207 3774 1251 3824; x_wconf 85' lang='lat' dir='ltr'>ex</span> 
     </span>
    </p>
   </div>
   <div class='ocr_carea' id='block_1_3' title="bbox 0 0 1422 4732">
    <p class='ocr_par' dir='ltr' id='par_1_4' title="bbox 0 0 1422 4732">
     <span class='ocr_line' id='line_1_30' title="bbox 0 0 1422 4732; baseline 0 1"><span class='ocrx_word' id='word_1_200' title='bbox 0 0 1422 4732; x_wconf 95' lang='lat' dir='ltr'> </span> 
     </span>
    </p>
   </div>
  </div>
 </body>
</html>
