2776 4724
243 303 282 353 vt

240 450 425 536 Budenfis;
451 467 489 522 ut
505 448 656 543 videtur,
686 455 784 554 quod
802 456 966 531 Sambuci
984 456 1130 531 Codices
1148 456 1218 531 fere

242 572 422 644 eBudensr
434 570 649 647 Bibliotheca
666 601 802 650 venere.
906 592 907 595 ’

290 696 385 763 Ante
403 691 561 789 Lipfium
583 695 709 791 nobilis
726 697 791 771 suit
814 697 871 771 ille
895 698 1042 789 Buderfis
1057 696 1170 786 CodexJ
1197 722 1217 772 e
1251 769 1254 775 .

240 807 452 890 Bibliotheca
477 813 622 887 Corvini
652 817 775 915 Regis,
800 845 872 915 quo
895 817 972 904 usus
997 819 1045 892 est
1073 809 1252 893 Runa-²

238 957 326 1006 uus:
358 931 418 1028 qui
437 932 467 1003 ei
481 933 569 1006 libro
585 935 777 1032 plurimum
794 937 925 1011 tribuit.
976 939 1115 1037 Lipsius
1133 965 1216 1013 con·
1314 1024 1320 1051 b

238 1049 292 1125 t‘ra
303 1053 347 1124 ad
360 1058 406 1124 A.·
419 1055 522 1145 Xlll,
540 1081 598 1152 25.
617 1082 688 1128 non
705 1057 848 1154 optimae
861 1078 951 1132 notae
965 1058 1063 1132 fuisse
1079 1058 1191 1134 censet
1203 1088 1215 1146 3

116 1169 118 1176 ’
237 1175 273 1269 J.
306 1173 508 1247 Gronovius
540 1175 643 1249 etiam
678 1200 852 1253 recentem
886 1184 920 1253 δι
955 1180 1214 1276 interpolatum,

236 1294 283 1367 ad
296 1299 342 1367 Α.
356 1294 423 1382 xl,
448 1298 501 1367 18.
538 1297 716 1396 Qricquid
733 1303 784 1390 fit,
797 1297 925 1373 Tacito
944 1299 1105 1397 profuisse
1122 1301 1217 1374 hune

239 1414 384 1502 librum,
411 1415 528 1512 negari
547 1445 618 1490 non
637 1418 761 1517 potest.
872 1442 880 1455 ‘

286 1544 369 1620 Post
388 1539 549 1646 Lipstum
567 1571 673 1617 nemo
690 1571 709 1617 e
734 1542 849 1619 Taciti
875 1520 1062 1616 editoribus
1083 1541 1217 1617 Codice

234 1662 364 1762 scripto
382 1668 459 1739 usus
475 1667 539 1754 est,
570 1665 667 1761 quod
681 1662 827 1735 sciamus
843 1684 922 1736 ante
938 1664 1078 1735 Theod.
1092 1665 1216 1758 Ryck-

235 1785 322 1858 ium.
360 1788 376 1857 l
379 1812 393 1856 s
409 1785 580 1858 Codicem
597 1782 717 1856 habuit
736 1809 832 1870 eum,
852 1781 912 1878 qui
927 1783 1107 1879 quondam
1120 1784 1216 1855 Rod.

235 1903 412 2002 Agricolae
430 1903 553 1991 fuerat,
575 1904 667 1975 unde
683 1903 837 1997 Agricolae
853 1902 952 1973 Codex
962 1921 1113 1973 vocatur.
1156 1903 1215 1975 Ex

234 2050 278 2098 eo
301 2026 462 2122 quaedam
488 2044 650 2119 excerpta
678 2047 762 2095 cum
791 2021 913 2120 Lipsro
940 2019 1216 2096 communicavit
1277 2010 1279 2013 ¹

234 2144 322 2217 olim
351 2142 550 2217 Franciscus
576 2131 749 2215 Modius:
780 2169 857 2241 quae
886 2142 1023 2239 Lipsius
1048 2166 1112 2237 pro
1130 2167 1215 2215 con·
1295 2122 1297 2133 ¹

227 2261 371 2362 jesturis
390 2262 503 2361 potius
521 2262 712 2361 Agricolae,
731 2290 838 2361 quam
856 2263 1060 2336 lectionibus
1075 2262 1216 2337 Codicis

234 2384 367 2482 antiqui
384 2384 517 2476 habuit,
537 2403 575 2456 ut
600 2408 619 2456 e
643 2383 734 2456 notis
759 2382 830 2481 ejus
847 2404 1003 2481 apparet,
1034 2384 1106 2458 vid.
1131 2411 1166 2457 v.
1184 2411 1216 2460 c.

97 2512 100 2519 ⁴
233 2507 279 2578 ad
298 2508 542 2593 A.XIV,160.
563 2524 650 2581 extr.
701 2505 796 2578 Eum
813 2504 984 2578 Codicem
1003 2505 1215 2581 cum'habu·

193 2714 197 2724 Ι
232 2626 297 2700 erit
315 2625 488 2723 Ryckius‚
511 2649 624 2723 eoque
640 2622 718 2698 usus
736 2628 774 2699 srt
802 2626 847 2698 ad
871 2624 1117 2722 corrigendum
1141 2629 1215 2701 Ta·

232 2748 358 2836 citum,
388 2746 670 2835 mitandumest,
698 2771 779 2820 eum
801 2745 887 2820 nihil
908 2748 954 2819 de
970 2766 1083 2837 atate,
1109 2744 1215 2844 scrip·

234 2889 312 2942 tura
337 2867 493 2957 Codicis,
522 2867 662 2966 aliisque
689 2866 876 2959 tradidisse,
904 2892 983 2964 quae
1010 2866 1094 2940 scire
1116 2867 1215 2966 cupi*-

235 3011 294 3063 ant
313 2989 427 3085 periti,
453 3010 560 3084 atque
572 2988 676 3062 etiam
688 2989 852 3080 debeant,
879 2991 961 3062 srde
977 2986 1117 3061 Codicis
1133 3013 1214 3062 auc·

236 3108 370 3181 toritate
392 3104 549 3202 judicare
566 3107 685 3180 velint.
736 3108 811 3200 Jac.
833 3109 1033 3182 Gronovius
1060 3132 1141 3180 eum
1164 3132 1218 3180 re-

235 3227 466 3303 centissimum
481 3230 514 3298 e
529 3225 617 3297 mire
630 3225 881 3322 interpolatum
890 3226 1039 3330 judicat,
1056 3228 1101 3301 ad
1119 3230 1216 3303 Anu.

235 3351 305 3437 xl,
325 3351 378 3420 18.
403 3348 486 3434 XV,
508 3371 564 3442 53.
601 3347 658 3417 De
676 3345 940 3443 interpolatione
958 3372 1026 3420 non
1043 3345 1214 3422 dubitem.

237 3471 359 3543 Habet
375 3466 470 3540 enim
487 3464 588 3538 nimis
605 3466 728 3552 multa,
756 3491 836 3562 quae
861 3465 1158 3563 interpolationem
1180 3470 1215 3543 δι

235 3585 434 3664 εοττεᾶοῐίε
450 3586 630 3686 ingenium
648 3583 791 3682 sapiant,
818 3609 857 3660 ut
875 3586 977 3659 variis
999 3585 1083 3659 locis
1100 3591 1132 3660 &
1152 3586 1215 3684 ipsr

237 3707 448 3792 notavimus.
500 3707 608 3787 Unde
635 3705 790 3808 profesto
818 3733 891 3788 non
918 3706 965 3782 est
987 3708 1213 3810 negandum,
1243 3709 1246 3713 ’
1317 3692 1322 3695 ”
