2796 4724
271 361 340 436 154
485 333 526 404 C.
559 332 832 406 Connatrr
865 334 1073 410 Tacrrr

264 535 379 589 vetere
404 511 570 586 memoria
598 509 762 602 facinore,
788 511 980 584 decumum
997 534 1178 610 quemque
1193 514 1248 615 ig·

264 632 464 708 nominiosae
498 632 664 723 cohortis,
710 630 799 705 sorte
832 634 970 722 dudios,
1017 630 1096 705 fusti
1133 658 1248 710 necat.

261 756 493 851 Tantumque
529 751 705 827 severitate
743 753 956 851 profedurn
999 771 1039 826 ut
1074 754 1248 829 vexillum

262 894 525 964 veteranorum,
551 900 624 947 non
635 874 784 973 amplibs
795 874 978 973 quingenti
995 899 1155 964 numero,
1173 875 1246 948 eas-

155 1075 159 1082 ,
218 1010 219 1016 ’
261 997 345 1069 dem
373 993 602 1068 Tacfarinatis
623 995 755 1094 copias,
795 994 1007 1093 praesrdium,
1043 994 1100 1069 cui
1125 982 1251 1070 Thala

238 1132 406 1206 nomen,
445 1118 620 1215 adgressas
652 1115 832 1190 fuderint:
877 1142 949 1215 quo
979 1115 1105 1214 proelio
1131 1116 1248 1192 Rufus

260 1237 429 1330 Helvius,
453 1238 629 1336 gregarius
646 1237 760 1329 miles,
786 1236 907 1313 servati
923 1237 1012 1312 civis
1028 1239 1135 1310 decus
1152 1259 1247 1311 retu·

261 1359 315 1448 lit,
342 1356 560 1456 donatusque
576 1358 624 1432 est
640 1362 685 1434 ab
702 1360 863 1457 Apronio
879 1360 1063 1457 torquibus
1080 1363 1113 1431 δι
1131 1358 1247 1433 hasta:

261 1477 375 1552 Caesar
393 1479 527 1552 addidit
544 1480 695 1554 civicam
712 1506 893 1570 coronam,
921 1487 949 1522 “
969 1477 1065 1577 qubd
1084 1505 1156 1554 non
1173 1506 1250 1554 eam

264 1608 293 1645 ‘⁴
311 1623 454 1699 quoque
483 1600 664 1696 Apronius
686 1597 764 1700 jure
793 1598 1008 1699 proconsulis
1040 1598 1250 1691 tribuillet‚”

261 1720 403 1818 questus
431 1721 559 1820 magis,
586 1722 696 1821 quam
724 1720 886 1795 offensus.
935 1723 1003 1794 Sed
1031 1720 1248 1813 Tacfarinas,

264 1844 426 1940 perculsis
448 1826 631 1934 Numidis,
660 1847 693 1915 ἃ
711 1843 842 1917 obsidia
858 1841 1132 1940 aspernantibus,
1159 1843 1251 1941 spari

261 1961 315 2059 git
331 1964 491 2049 bellum3
519 1963 580 2037 ubi
607 1962 799 2053 instaretur,
827 1966 969 2054 cedens,
996 1991 1037 2037 ac
1053 1963 1188 2037 rursum
1213 1964 1250 2038 in

71 2134 75 2150 .
157 2164 160 2172 f
261 2102 361 2181 terga
388 2084 567 2157 remeans:
598 2087 631 2155 ὅτ
658 2083 803 2155 dumea
820 2082 908 2154 ratio
925 2084 1074 2155 barbaro
1092 2083 1170 2173 fuit,
1196 2085 1250 2156 in·
1322 2148 1325 2151 r

262 2204 368 2278 ritum
385 2201 580 2302 fessumque
597 2206 805 2295 Romanurn
823 2201 967 2300 impund
986 2202 1247 2276 ludificabatur.

265 2324 457 2423 Postquam
482 2323 628 2398 deflexit
651 2323 696 2395 ad
719 2322 908 2396 maritimos
936 2324 1047 2414 locos,
1083 2312 1251 2425 inligatus

264 2447 395 2545 praedd,
410 2444 539 2518 stativis
551 2444 664 2521 castris
676 2445 886 2519 adhaerebat:
902 2444 1004 2517 miffu
1018 2443 1120 2542 patris
1131 2449 1256 2542 Apro*

264 2568 343 2640 nius
367 2570 539 2641 Caesranus
561 2592 643 2641 curn
666 2566 784 2665 equite
808 2570 842 2639 u
868 2566 1072 2640 cohortibus
1089 2565 1252 2638 auxiliar-

265 2669 320 2780 iis,
345 2690 425 2787 quls
438 2687 667 2762 velociffimos
678 2688 860 2787 legionum
873 2687 1069 2778 addiderat,
1094 2685 1252 2785 prosper-

263 2836 324 2904 ann
340 2810 527 2888 adversirm
539 2809 715 2889 Numidas
733 2834 892 2907 pugnam
908 2806 1004 2900 facit,
1031 2807 1201 2907 pellitque
1216 2809 1254 2886 in

260 2928 408 3005 deserta.

313 3052 433 3125 XXII.
463 3057 524 3127 Ar
555 3058 690 3128 RonAE
714 3051 868 3150 Lepida,
896 3050 952 3130 cui
968 3050 1070 3151 super
1085 3053 1252 3127 AEnrilio·

264 3160 343 3246 rurn
359 3174 466 3246 decus
483 3174 529 3245 L.
546 3176 641 3247 Sulla
653 3199 693 3247 ac
706 3174 774 3245 Cn.
791 3173 980 3271 Pompeius
998 3174 1119 3271 proavi
1139 3192 1248 3264 erant,

262 3293 421 3368 defertur
438 3301 465 3337 “
481 3293 685 3367 fimulaviffe
703 3314 843 3390 partum
856 3319 900 3366 ex
914 3296 955 3367 P.
968 3293 1254 3392 Qiriniodivite

265 3419 419 3510 “atque
445 3415 579 3489 orb0:”
608 3412 860 3512 adjiciebantur
887 3420 913 3457 “
932 3414 1114 3506 adulteria,
1145 3438 1251 3487 vene·

265 3537 294 3572 “
312 3556 376 3623 na3
402 3539 657 3632 quaesrtumque
674 3561 735 3632 per
751 3534 935 3611 Chaldaeos
952 3534 988 3607 in
1005 3536 1153 3609 domum
1171 3534 1250 3605 Cae·

267 3656 296 3693 “
313 3648 432 3741 saris,’'
457 3653 667 3730 defendente
683 3682 779 3729 ream
796 3655 924 3729 Manio
952 3656 1108 3752 Lepido,
1134 3651 1251 3726 fratre.

263 3769 460 3871 Quirinius,
487 3777 562 3872 post
583 3777 719 3852 dictum
741 3777 926 3876 repudium
948 3778 1063 3855 adhuc
1085 3771 1251 3866 infensus,
