2738 4710
129 354 178 430 34
322 327 676 402 C.Conuaa11
711 323 920 403 Tncrrr
983 362 985 371 ,

129 531 212 604 pam
240 501 358 593 vertit,
386 504 425 575 δι
453 510 482 544 “
508 503 631 601 siquis
653 503 794 601 agmine
819 502 1019 592 decessisset,
1045 528 1109 601 pro

130 620 349 726 “desertore
378 619 484 694 sore''‘
507 623 702 714 clamitans,
737 621 875 696 reduxit
901 621 937 694 in
965 622 1110 698 hiberna

128 743 302 834 turbidos,
334 743 471 817 &nihil
489 743 597 816 ausos.
648 777 654 785 ·’
748 741 752 749 ’
917 728 918 732 ¹

177 865 354 938 XXXIX.
382 866 564 937 lurunan
582 865 687 962 legati
704 868 749 939 ab
766 864 896 956 senatu,
920 863 1108 962 regressum

121 985 198 1085 jam
226 985 322 1082 apud
349 988 460 1057 Aram
487 982 667 1058 Ubiorum
692 984 953 1071 Germanicum,
969 985 1108 1057 adeunt.

129 1109 224 1181 Duae
249 1104 297 1178 ibi
321 1103 489 1202 legiones,
517 1104 631 1205 prima
655 1127 761 1204 atque
782 1105 954 1195 vicesrma,
979 1124 1110 1177 vetera·
1149 1184 1154 1197 ¹

128 1227 235 1324 nique
249 1250 362 1322 nuper
379 1224 466 1297 misfi
479 1220 544 1298 'sub
558 1225 689 1298 vexillo
702 1226 912 1299 hiemabant.
960 1224 1112 1298 Pavidos

130 1353 168 1422 &a
190 1344 396 1419 conscientia
421 1345 590 1418 vecordes
612 1345 717 1430 intrat
743 1367 871 1436 metus,
898 1347 1026 1420 venisse
1051 1371 1112 1442 pa·
1162 1389 1164 1393 >

130 1465 340 1564 trumjussu,
367 1465 427 1563 qui
444 1464 538 1537 irrita
551 1462 717 1556 facerent,
744 1490 825 1565 quae
839 1492 900 1564 per
912 1465 1114 1573 seditionem

131 1587 383 1685 expresserant:
419 1604 530 1683 utque
564 1612 642 1659 mos
674 1588 799 1685 vulgo,
836 1587 996 1684 quamvis
1027 1584 1115 1658 falfis

130 1735 232 1782 reum
269 1706 429 1797 subdere,
481 1706 687 1781 Munatium
727 1709 898 1782 Plancum
937 1705 1132 1781 consulatu

130 1826 306 1916 fundum,
333 1825 527 1922 principem
551 1826 749 1925 legationis,
770 1830 949 1903 aussorem
966 1820 1112 1899 senatus-

131 1947 278 2023 consulti
301 1945 472 2020 incusant:
497 1945 534 2016 &
560 1949 663 2020 nocie
686 1948 859 2021 concubia
882 1947 1053 2020 vexillum
1078 1943 1115 2019 in

131 2071 244 2143 domo
272 2066 472 2141 Germanici
498 2070 600 2139 srtum
624 2064 780 2163 flagitare
803 2065 998 2170 occipiunt:
1028 2091 1114 2139 con·

133 2187 304 2286 cursuque
329 2188 374 2260 ad
392 2184 537 2286 januam
560 2183 665 2274 facto,
691 2184 883 2258 moliuntur
908 2184 1024 2260 fores:
1050 2210 1114 2259 ex·

131 2312 282 2384 traslum
297 2307 404 2384 cubili
420 2305 604 2397 Caesarem,
624 2306 759 2378 tradere
775 2305 959 2396 vexillum,
974 2306 1114 2380 intento

133 2431 255 2505 mortis
273 2453 383 2519 metu,
401 2427 589 2526 subigunt:
610 2452 696 2499 mox
709 2427 791 2525 vagi
804 2452 866 2523 per
881 2425 968 2518 vias,
990 2426 1116 2501 obvios

133 2551 288 2625 habuere
315 2552 462 2648 legatos,
497 2546 615 2620 audita
639 2547 930 2641 consternatione,
957 2549 1000 2623 ad
1026 2548 1116 2623 Ger-

134 2672 313 2746 manicum
344 2671 543 2745 tendentes:
573 2667 738 2766 ingerunt
766 2669 1013 2756 contumeliam
1049 2695 1116 2743 car·
1174 2662 1182 2680 ’

134 2795 218 2866 dem
237 2812 373 2890 parant,
397 2793 527 2864 Planco
550 2787 719 2878 maxime,
743 2814 850 2886 quem
866 2762 1019 2888 dignitas
1034 2787 1120 2887 fuga

134 2913 385 3009 impediverat:
415 2937 530 3009 neque
557 2908 651 2982 aliud
681 2909 886 3007 periclitanti
912 2909 1118 3000 subsidium,

135 3035 245 3131 quam
261 3033 370 3107 castra
385 3033 510 3129 primae
526 3028 690 3129 legionis:
717 3030 787 3105 illic
804 3035 899 3130 signa
915 3034 949 3102 dt
966 3030 1119 3130 aquilam

134 3154 334 3250 amplexus,
362 3152 529 3250 religione
541 3150 607 3225 sese
624 3155 818 3226 tutabatur:
843 3180 883 3226 ac
903 3153 941 3244 ‚ni
961 3150 1120 3250 aquilifer

135 3271 347 3369 Calpurnius
364 3270 438 3343 vim
464 3293 659 3345 extremam
676 3272 848 3361 arcuisset,
873 3298 991 3346 rarum
1014 3271 1119 3346 etiam

135 3390 225 3463 inter
242 3380 370 3480 hosteS,
399 3391 534 3489 legatus
557 3389 678 3487 populi
695 3388 865 3481 Romani,
893 3392 1065 3466 Romanis
1081 3392 1119 3465 in

95 3573 97 3592 ,
137 3509 268 3599 castris,
302 3510 468 3609 sanguine
497 3494 558 3583 suo
589 3508 708 3583 altaria
740 3511 849 3583 deum
882 3510 1118 3584 commacula-

137 3627 246 3700 visset.
296 3631 397 3703 Luce
424 3631 585 3717 demum,
611 3628 797 3726 postquam
823 3632 912 3719 dux,
944 3634 977 3702 &
1004 3629 1118 3722 miles,

137 3753 170 3822 ἃ
188 3743 277 3864 sasia
294 3746 536 3841 noscebantur,
561 3746 728 3847 ingressus
744 3749 853 3824 castra
874 3750 1118 3844 Germanicus,
