2796 4724
359 316 656 418 Annn'twn
684 341 793 415 Ltn.
819 341 882 412 IV.
930 398 936 401 .
1057 364 1126 440 ²17

155 527 186 571 “
206 519 462 598 carminibus&
480 517 656 594 veneficiis
668 517 869 591 vecordiam
887 514 1053 612 marito,''
1078 517 1130 591 in·

157 640 234 718 sons
249 641 438 741 judicatur.
583 632 584 636 ¹
815 626 817 633 ¹
1056 657 1059 663 '

96 835 97 838 ,
201 764 337 838 XXIII.
364 764 399 837 Is
420 786 566 834 nanum
596 785 705 833 annus
730 761 904 857 populum
923 762 1130 833 Romanum

104 934 111 942 ·
156 887 264 980 longo
296 883 482 973 adversum
513 881 712 954 Numidam
744 878 1004 952 Tacfarinatem
1037 881 1131 952 bello

152 1002 311 1077 absolvit.
361 1004 458 1076 Nam
494 1001 623 1099 priores
648 1002 773 1089 duces,
810 999 873 1073 ubi
907 998 1130 1096 impetrando

152 1122 421 1219 triumphalium
438 1121 560 1219 insigni
573 1115 793 1195 sufficereres
804 1120 883 1194 'luas
901 1119 1129 1212 crediderant,

154 1243 291 1316 hostem
309 1242 535 1315 omittebant:
556 1238 702 1339 jamque
719 1262 785 1314 tres
802 1229 959 1314 laureatae
978 1240 1013 1312 in
1031 1243 1131 1317 Urbe

51 1453 53 1461 Ι
155 1362 297 1448 statuae3
327 1365 359 1435 δι
387 1362 503 1435 adhnc
533 1365 692 1459 raptabat
725 1360 882 1436 Africam
916 1362 1130 1454 Tacfarinas,

156 1485 278 1588 andus
312 1485 523 1556 Maurorum
542 1482 691 1571 auxiliis,
719 1483 779 1580 qui
794 1483 1002 1572 Ptolemaeo,
1028 1486 1145 1584 Jubae,

156 1604 247 1695 filio,
267 1602 414 1702 juventa
435 1602 621 1693 incurioso,
649 1604 788 1677 libertos
812 1600 1000 1701 regios,*&
1025 1602 1130 1676 servi-
1227 1699 1230 1706 Ι

154 1725 202 1798 lia
217 1725 367 1823 imperia
384 1725 479 1799 bello
496 1744 725 1798 mutaverant.
765 1723 849 1796 Erat
865 1723 917 1796 illi
933 1723 1129 1820 praedarum

84 1931 87 1936 ,
155 1866 327 1944 receptor,
353 1872 392 1920 ac
409 1845 519 1919 socius
537 1846 744 1943 populandi,
771 1870 832 1917 rex
849 1847 1128 1932 Garamantum;

154 1992 226 2040 non
243 1986 283 2040 ut
300 1993 384 2040 cum
403 1966 557 2040 exercitu
579 1965 768 2055 incederet,
794 1963 852 2039 sed
874 1965 978 2039 miffis
996 1967 1130 2041 levibus

129 2112 142 2129 ·’
156 2087 278 2184 copiis,
306 2115 384 2186 quae
401 2113 446 2160 ex
464 2087 661 2188 longinquo
686 2086 722 2160 in
744 2084 854 2184 majus
877 2087 1128 2162 audiebantur:

151 2206 296 2306 ipsaque
315 2234 335 2282 e
364 2208 559 2306 provincia,
585 2229 625 2281 ut
642 2208 719 2306 quis
739 2193 887 2282 fortunae
911 2209 1026 2306 inops,
1048 2236 1130 2283 mo·

152 2331 245 2406 ribus
274 2329 451 2421 turbidus,
484 2329 680 2427 promptiirs
703 2332 863 2418 ruebant,
902 2329 984 2425 quia
1005 2328 1129 2416 Caesar,

155 2451 233 2548 post
254 2475 307 2522 res
324 2476 344 2521 a
360 2447 468 2522 Blaeso
492 2450 618 2545 gestas,
644 2454 737 2549 quasi
755 2445 946 2546 nullisjam
972 2448 1008 2520 in
1033 2446 1130 2520 Afri·

88 2610 98 2619 ·
155 2574 196 2643 ca
219 2569 391 2658 hostibus,
417 2570 581 2666 reportari
608 2597 739 2644 nonam
768 2569 943 2669 legionem
960 2565 1127 2666 jufferat:
1165 2550 1167 2556 ¹

156 2714 221 2762 nec
237 2687 421 2786 proconsul
438 2687 508 2788 ejus
532 2691 614 2764 anni
632 2694 672 2764 Ρ.
692 2693 877 2765 Dolabella
901 2689 1045 2762 retinere
1068 2715 1129 2761 au-

155 2807 209 2882 sus
227 2831 311 2900 erat,
331 2808 422 2910 julla
438 2811 611 2909 Principis
629 2812 754 2910 magis,
781 2812 889 2909 quam
907 2809 1038 2883 incerta
1057 2809 1131 2883 bel·
1159 2875 1165 2882 .

155 2930 195 3021 li,
221 2952 388 3005 metuens.
863 3014 866 3021 ι
1040 2928 1044 2936 ’

204 3052 341 3125 XXIV.
376 3053 518 3125 Iotrun
543 3051 759 3143 Tacfarinas,
797 3050 947 3151 disperso
974 3078 1129 3143 rumore,

156 3179 279 3246 “rem
309 3176 509 3267 Romanam
536 3173 611 3246 aliis
629 3199 771 3272 qnoque
793 3177 837 3247 ab
861 3173 1058 3247 nationibus
1083 3175 1131 3247 Ia-

156 3301 185 3337 “
203 3294 321 3386 cerari,
358 3296 471 3393 eoque
503 3294 682 3392 paullatim
718 3293 838 3367 Africa
871 3294 1052 3384 decedere,
1090 3319 1132 3368 ae

156 3396 185 3460 *ί
205 3418 301 3513 polle
326 3416 475 3513 reliquos
502 3414 760 3504 circumveniri,
788 3418 810 3487 st
835 3414 967 3503 cundi,
1003 3414 1131 3512 quibus

156 3536 343 3611 “libertas
374 3534 511 3609 servitio
545 3535 674 3632 potior,
709 3533 991 3620 incubuiffent;'’
1028 3557 1132 3635 auget

155 3656 259 3749 vires,
301 3654 485 3755 positisque
519 3654 646 3745 castris,
688 3653 920 3729 Thubuscum
960 3656 1132 3755 oppidum

73 3809 78 3817 ¹
154 3776 384 3854 circumfidet.
435 3781 484 3852 At
501 3777 701 3868 Dolabella,
733 3778 910 3853 contrado
937 3779 1034 3877 quod
1063 3798 1132 3851 erat
