2602 4716
425 339 738 410 Annniront
774 331 959 411 Lrn.II.
1015 347 1019 357 “
1132 373 1178 444 99

193 517 328 593 “Non
349 511 442 586 enim
466 536 589 612 preces
608 511 684 585 sunt
705 513 803 604 istuc,
824 488 883 588 sed
905 515 1104 612 efflagitatio
1123 519 1177 593 in.

196 646 224 683 “
241 633 450 734 tempestiva
473 633 620 734 quidem
644 622 677 708 lc
699 632 903 732 improvisa,
931 635 1014 708 clim
1035 635 1109 708 aliis
1132 640 1178 715 de

193 766 221 803 “
236 763 341 833 rebus
357 755 588 831 convenerint
602 777 727 853 patres,
742 752 966 855 consurgere,
981 761 1016 830 ·&
1030 784 1177 833 numero
1217 750 1220 763 “

181 889 219 941 ··“
236 902 344 980 atque
365 900 466 972 atate
488 878 643 952 Iiberrim
664 876 805 951 suorum
830 903 953 976 urgere
970 879 1177 954 modestiam

191 1009 219 1045 “
235 984 384 1093 senatus,
415 1002 578 1076 eamdem
608 999 684 1072 vim
714 999 750 1070 in
777 1024 836 1072 me
865 987 1107 1091 transmittere,
1137 1022 1177 1076 ac

193 1128 336 1199 “velut
359 1122 571 1222 perfringere
593 1120 778 1195 ararium:
812 1123 911 1219 quod
937 1126 959 1195 fi
984 1121 1177 1197 ambitione

192 1251 220 1288 ‘⁶
237 1220 509 1336 exhauserimus,
526 1269 588 1341 per
602 1241 730 1316 scelera
745 1240 982 1340 supplendum
998 1244 1073 1317 erit.
1102 1247 1175 1319 De·

193 1371 220 1407 “
238 1366 290 1439 dit
305 1366 386 1456 tibi,
404 1367 569 1455 Hortale,
583 1364 689 1438 divus
707 1365 888 1463 Augustus
904 1365 1104 1463 pecuniam,
1117 1366 1176 1440 sed

194 1490 314 1559 “non
343 1483 583 1583 compellatus,
614 1511 679 1560 nec
708 1487 746 1558 eb
776 1486 855 1584 lege
882 1506 921 1560 ut
948 1484 1085 1583 semper
1112 1489 1175 1560 da-

192 1612 220 1649 “
237 1627 355 1681 retur:
390 1603 586 1706 languescet
608 1606 738 1705 alioqui
768 1607 946 1698 industria,
977 1608 1176 1699 intendetur

191 1734 220 1771 “
237 1726 408 1819 socordia,
435 1732 456 1802 fi
475 1730 590 1801 nullus
606 1754 651 1801 ex
667 1726 701 1800 se
718 1748 846 1819 metus,
870 1750 928 1803 aut
944 1727 1042 1827 spes;
1072 1735 1106 1804 δε
1124 1728 1174 1802 se·
1218 1762 1221 1768 ·

192 1856 220 1892 “
239 1851 313 1926 curi
340 1875 464 1944 omnes
497 1849 609 1922 aliena
635 1846 783 1923 subfidia
809 1847 1074 1947 exspeclabunt,
1111 1851 1174 1926 fibi

193 1977 221 2013 “
237 1972 372 2073 ignavi,
391 1971 494 2046 nobis
512 1973 672 2070 graves.''
705 1974 798 2046 Haec
815 1991 921 2070 atque
937 1972 1030 2063 talia,
1050 1999 1174 2071 quam·

189 2118 295 2190 quam
321 2119 404 2167 cum
428 2090 573 2167 adsensu
595 2092 714 2167 audita
737 2095 782 2167 ab
805 2094 872 2185 his,
905 2094 1031 2192 quibus
1056 2095 1177 2169 omnia

189 2215 386 2313 principum
415 2213 562 2287 honesta
591 2233 697 2311 atque
725 2213 908 2289 inhonesta
935 2216 1073 2289 laudare
1098 2242 1176 2290 mos

187 2335 248 2426 est,
279 2338 395 2434 plures
425 2361 490 2433 per
517 2334 690 2408 silentium
718 2357 777 2410 aut
804 2337 985 2411 occultum
1013 2323 1175 2409 murmur

151 2500 153 2503 ·
186 2458 379 2555 excepere:
413 2454 587 2554 sensitque
614 2456 803 2544 Tiberius3
840 2463 874 2532 δι
903 2456 987 2530 cum
1017 2457 1175 2552 paullum

188 2576 391 2651 reticuisset:
413 2583 450 2650 .“
470 2578 625 2652 Hortalo
641 2576 675 2671 se
689 2576 924 2678 respondiffe''
946 2577 1009 2666 ait,
1037 2583 1064 2619 “
1082 2580 1177 2650 cete-'

190 2701 218 2737 “
235 2697 314 2771 rum
337 2700 359 2771 fi
381 2699 536 2796 patribus
561 2698 750 2789 videretur,
774 2699 940 2773 daturum
964 2694 1079 2769 liberis
1101 2694 1174 2794 ejus
1245 2723 1254 2743 ’

189 2823 218 2859 “
233 2819 370 2893 ducena
380 2818 526 2894 sestertia
538 2819 694 2918 singulis,
709 2819 770 2918 qui
787 2818 888 2892 sexlts
906 2815 1014 2891 virilis
1030 2817 1175 2889 essent.''

190 2938 305 3035 Egere
322 2940 378 3013 alii
396 2952 532 3038 grates'3
558 2941 648 3014 filnit
663 2942 850 3029 Hortalus,
872 2963 1014 3037 pavore,
1038 2963 1083 3012 an
1099 2938 1173 3011 avi·

189 3075 233 3130 tae
262 3057 450 3133 nobilitatis
475 3061 584 3134 etiam
613 3060 702 3136 inter
723 3060 900 3160 angustias
923 3057 1175 3133 sortunae·reti-

188 3205 294 3254 nens:
314 3203 429 3275 neque
444 3178 622 3255 miseratus
634 3183 682 3256 est
694 3182 839 3281 posthac
855 3179 1034 3270 Tiberius,
1049 3205 1173 3279 quam-

138 3366 140 3376 ,,
189 3298 243 3374 vis
260 3300 390 3373 domus
405 3302 588 3377 Hortensii
610 3304 814 3402 pudendam
836 3304 883 3376 ad
905 3299 1061 3397 inopiam
1077 3300 1173 3373 dela·
1250 3347 1251 3351 =

189 3421 342 3495 beretur.
389 3426 393 3435 ‘
460 3412 464 3419 ’

123 3543 125 3545 ’
233 3543 416 3618 ΧΧΧΙΧ.
442 3547 591 3621 Eonant
616 3572 722 3637 ann0,
751 3541 917 3638 mancipii
938 3541 1039 3618 unius
1068 3544 1173 3618 auda·

184 3665 251 3758 cia,
277 3663 315 3760 ni
338 3668 472 3740 mature
494 3667 710 3743 subventum
730 3664 834 3753 foret,
858 3660 1036 3738 discordiis
1056 3661 1175 3738 armis-

91 3894 95 3899 *
185 3811 255 3884 que
284 3785 446 3864 civilibus
474 3787 735 3891 rempublicam
763 3783 968 3906 perculissett
1018 3778 1175 3861 Postumi

659 3907 745 3980 Ha
