2796 4724
276 348 282 353 ’
337 365 672 435 nnuman
701 312 921 434 Lrsslss.
1079 382 1144 459 173

168 536 364 612 Decrevere
390 557 503 636 patres
526 556 609 610 vota
630 562 694 633 pro
718 534 830 608 reditu
850 532 938 631 ejus,
975 532 1148 632 supplica-

167 656 358 755 tionesque,
382 662 416 731 &
440 658 507 730 alia
532 650 670 729 decora.
730 657 831 729 Solus
851 655 1037 727 Dolabella
1061 657 1150 730 Cor-

167 780 277 852 nelius
307 781 402 853 dum
437 776 567 860 anteire
600 797 731 851 ceteros
759 793 869 872 parat,
899 772 1084 850 absurdam
1112 778 1149 852 in

119 974 120 977 ,
166 899 401 973 adulationem
435 893 645 996 progressus,
679 894 823 986 censuit,
868 901 896 937 “
915 915 954 968 ut
989 923 1099 970 ovans
1130 925 1151 973 e

168 1027 196 1081 -“
213 1019 409 1118 Campania
425 1021 564 1092 Urbem
582 1016 772 1089 introiret.''
803 1015 915 1115 Igitur
932 1014 1054 1091 secutae
1071 1020 1150 1092 Cae-

167 1140 246 1214 saris
263 1141 383 1230 literae,
403 1138 532 1237 quibus
562 1145 589 1181 “
607 1136 640 1210 se
658 1163 730 1210 non
748 1158 821 1210 tam
837 1163 989 1228 vacuum
1013 1137 1149 1235 glorirl''

169 1259 397 1359 praedicabat,
432 1248 459 1301 ‘¹‘
472 1279 511 1331 ut
540 1258 615 1356 post
635 1257 854 1331 ferocissimas
880 1277 1000 1355 gentes
1024 1261 1150 1355 perdo·
1268 1329 1270 1333 ,

171 1389 199 1424 “
219 1381 334 1470 mitas,
353 1400 404 1454 tot
422 1362 576 1476 receptos
602 1378 638 1450 in
656 1377 816 1475 juventa,
845 1397 905 1450 aut
932 1376 1062 1474 spretos
1089 1380 1150 1453 tri-

170 1508 198 1544 “
216 1502 380 1598 umphos,
397 1497 473 1598 jam
496 1496 606 1571 senior
630 1496 911 1596 peregrinationis
943 1495 1148 1575 suburbanae

172 1628 200 1665 “
221 1620 321 1693 inane
339 1620 524 1718 praemium
549 1621 711 1716 peteret.’'

219 1743 389 1815 XLVIII.
415 1744 489 1814 Suu
508 1740 602 1812 idem
619 1759 773 1837 tempus,
805 1747 833 1782 “
846 1761 886 1814 ut
903 1767 995 1814 mors
1006 1724 1150 1841 Sulpicii

170 1869 197 1905 “
255 1861 367 1935 uirinii
385 1859 535 1958 publicis
561 1858 730 1958 exsequiis
754 1858 1067 1959 frequentaretur,’'
1089 1890 1150 1962 pe·

170 1982 248 2055 tivit
264 2009 284 2055 a
299 1962 428 2055 senatu.
479 1980 579 2054 Nihil
597 1981 641 2053 ad
658 2000 814 2054 veterem
827 1985 861 2055 δι
880 1982 1057 2080 patriciam
1074 1986 1150 2059 Sul-

169 2103 338 2202 piciorum
356 2101 524 2175 familiam
540 2101 721 2200 Qirinius
738 2101 917 2199 pertinuit,
941 2125 1035 2179 ortus
1056 2108 1152 2205 apud

169 2224 400 2323 municipium
417 2221 651 2297 Lanuvium:
678 2221 736 2296 sed
762 2222 914 2323 impiger
939 2226 1086 2318 militia,
1117 2233 1152 2300 δε

167 2348 303 2422 acribus
319 2344 531 2437 ministeriis,
550 2342 766 2418 consulatum
783 2345 941 2418 subdivo
959 2347 1123 2442 Augusto
1138 2376 1150 2432 ;

168 2493 254 2542 mox
285 2464 496 2563 expugnatis
536 2454 596 2561 per
632 2463 791 2538 Ciliciam
820 2464 1151 2541 Homonadensium
1246 2455 1248 2463 ’

169 2585 315 2661 castele
345 2584 492 2682 insignia
507 2583 677 2683 triumphi
695 2588 857 2682 adeptus,
881 2584 1050 2684 datusque
1079 2614 1151 2662 rec·

169 2725 225 2780 tor
268 2706 310 2779 C.
339 2702 463 2778 Caesari
499 2706 706 2784 Armeniam
743 2706 928 2797 obtinenti,
954 2707 1152 2784 Tiberium
1235 2732 1240 2744 '¹

172 2851 313 2924 quoque
336 2824 458 2899 Rhodi
480 2846 645 2924 agentem
662 2829 813 2900 coluerat
834 2857 843 2900 ι
875 2828 973 2925 quod
989 2849 1072 2903 tunc
1091 2856 1152 2927 pa·

171 2943 287 3019 tefecit
308 2946 343 3018 in
366 2946 512 3019 senatu:
540 2947 687 3020 laudatis
714 2947 749 3019 in
775 2944 808 3019 se
837 2947 971 3038 officiis,
997 2953 1030 3022 δι
1056 2948 1152 3023 incu-

170 3064 243 3139 sato
273 3072 302 3108 “
321 3068 378 3139 M.
409 3066 570 3156 Lollio‚”
593 3080 711 3165 quem·
728 3076 755 3110 “
769 3070 1008 3147 audoremC.
1026 3068 1152 3144 Caesari

144 3181 199 3231 '⁴‘
218 3184 454 3284 pravitatis&
483 3184 761 3262 discordiarum’'
788 3191 980 3289 arguebat:
1011 3190 1070 3264 sed
1096 3217 1152 3265 ce-

171 3305 253 3381 teris
270 3307 364 3380 haud
379 3308 456 3380 laeta
474 3309 644 3382 memoria
659 3310 809 3408 Qririnii
827 3332 911 3401 erat,
936 3313 983 3384 ob
1006 3309 1152 3405 intenta,
1250 3345 1252 3349 ¹

171 3447 210 3502 ut
237 3427 447 3518 memoravi,
472 3429 621 3525 Lepidae
650 3430 816 3527 pericula,
841 3430 1090 3531 sordidamque
1119 3441 1154 3508 δε

172 3568 426 3647 praepotentem
451 3547 634 3622 senectam.
1071 3597 1073 3605 ·

220 3668 584 3746 XLIX.‘F1uaanui
602 3671 644 3743 C
662 3671 853 3746 Lutorium
869 3673 1038 3767 Priscum,
1055 3675 1152 3775 equi-

171 3810 244 3864 tem
262 3795 485 3881 Romanum‚
512 3790 589 3888 post
617 3793 753 3868 celebre
782 3819 937 3888 carmen,
967 3824 1040 3895 quo
1064 3800 1153 3870 Ger-
