2834 4732
277 355 351 427 126
486 342 1077 420 CtConuntrtTncm

276 549 356 613 one,
382 539 440 594 aut
457 517 576 591 favore
591 517 628 589 in
644 514 804 591 Pisonem
823 515 978 612 pronior,
1004 513 1130 591 diverfi
1146 519 1247 592 inter-

276 642 504 738 pretabantur.
1081 656 1085 663 ’

266 834 269 838 .
321 738 494 834 Lxxlv'.
527 761 832 834 Consutrnrunt
864 758 946 835 inde
977 758 1066 831 inter
1099 759 1247 856 legatos,

275 885 409 980 quique
433 880 492 952 alii
517 877 711 953 senatorum
732 880 946 970 aderant,'“
965 876 1120 976 quisnam
1141 879 1247 974 Syriae
1298 862 1304 876 ¹

162 1006 166 1010 “
276 1009 304 1044 “
322 1004 554 1100 praeficeretur
568 1003 606 1074 :’'
632 999 802 1074 &ceteris
818 999 955 1074 modice
968 1000 1058 1090 nifis,
1085 998 1173 1071 inter
1186 1000 1247 1071 Vi-

276 1122 374 1197 bium
400 1120 572 1211 Marsum,
607 1126 641 1195 &
669 1122 736 1194 Cn.
752 1121 909 1198 Sentium
939 1122 1002 1193 diu
1036 1124 1245 1218 quaesitum:

273 1241 358 1326 dein
372 1242 509 1316 Marsus
526 1242 663 1333 seniori,
682 1245 715 1314 ἃ
733 1243 844 1327 acrius
859 1241 1014 1314 tendenti
1030 1241 1146 1315 Sentio
1163 1267 1248 1314 con-

271 1367 379 1438 ·cellit.
429 1363 530 1462 Isque
545 1357 727 1437 infamem‘
740 1362 916 1438 veneficiis
945 1366 986 1434 et
1006 1362 1042 1433 in
1059 1361 1248 1458 provincia,

276 1483 503 1558 &Plancinae
520 1510 708 1582 percaram,
727 1485 868 1556 nomine
884 1483 1089 1572 Martinam,
1120 1483 1157 1554 in
1178 1484 1250 1556 Ur·

275 1605 358 1678 bem
376 1605 480 1695 mifit,
495 1604 746 1701 postulantibus
758 1604 899 1678 Vitellio
930 1629 971 1676 ac
999 1603 1164 1695 Veranio,
1194 1628 1249 1676 ce-

274 1723 424 1822 terisque
440 1724 501 1822 qui
517 1725 662 1798 crimina
679 1729 713 1798 δι
730 1722 981 1798 accusationem
992 1745 1172 1822 tamquam
1183 1724 1248 1797 ‘ad-

274 1832 393 1917 versus
408 1864 565 1940 receptos
583 1843 656 1942 jam
675 1870 751 1917 reos
768 1845 992 1918 instruebant.

248 2008 253 2019 ·
322 1965 477 2035 LXXV.
498 1968 564 2044 ¹Ar
599 1968 848 2052 nennium,
880 1992 1096 2062 quamquam
1125 1965 1252 2038 defessa

273 2083 383 2172 luctu,
399 2087 432 2155 ὅτ
451 2107 593 2178 corpore
606 2108 712 2179 aegro,
733 2083 892 2154 omnium
926 2104 1057 2179 tamen,
1094 2110 1173 2180 quae
1195 2086 1248 2155 ul·

273 2201 404 2275 tionem
431 2221 658 2291 morarentur,
697 2201 895 2290 intolerans,
929 2200 1080 2274 ascendit
1109 2205 1248 2278 classem

274 2348 358 2395 cum
370 2322 544 2406 cineribus
561 2322 775 2413 Germanici,
794 2327 827 2396 ἃ
842 2321 958 2395 liberis
972 2351 983 2409 3
1014 2321 1250 2398 miserantibus

274 2443 422 2547 cunctis,
460 2443 597 2542 “quod
620 2437 751 2517 semina
767 2443 947 2517 nobilitate
969 2443 1143 2542 princeps,
1168 2447 1247 2542 pul-

276 2567 304 2605 “
322 2563 493 2637 cherrimo
522 2565 631 2637 modo
664 2555 899 2655 matrimonio,
930 2564 1017 2638 inter
1049 2588 1251 2640 venerantes

275 2691 303 2727 “
322 2683 557 2783 gratantesque
573 2684 677 2783 aspici
693 2685 803 2775 solita,
832 2705 917 2760 tunc
946 2684 1065 2759 ferales
1091 2687 1252 2787 reliquias

276 2812 305 2850 “
324 2809 397 2878 finu
430 2804 544 2896 ferret,
578 2807 705 2880 incerta
724 2808 879 2898 ultionis,
908 2808 1011 2881 anxia
1042 2805 1109 2898 sul,
1138 2813 1171 2881 ὅτ
1199 2809 1252 2882 in-

276 2934 304 2971 “
323 2925 413 3000 felici
427 2925 638 3000 fecunditate
655 2925 803 3001 sortunae
819 2927 945 3000 totiens
962 2927 1153 3000 obnoxia.''
1193 2928 1251 3002 Pi-

249 3046 394 3120 ·sonem
424 3047 563 3120 interim
592 3038 688 3144 apud
713 3050 829 3122 Coum
853 3047 999 3122 insulam
1020 3048 1162 3121 nuntius
1189 3048 1251 3121 ad·

274 3165 438 3265 sequitur,
478 3174 505 3210 “
524 3171 695 3242 exceffille
722 3169 1009 3242 Germanicum.”
1074 3174 1158 3267 Qto
1196 3168 1249 3240 in-

274 3306 504 3385 temperanter
531 3309 688 3384 accepto‚
719 3289 822 3361 caedit
851 3289 1021 3381 victimas,
1061 3290 1133 3362 adit
1162 3309 1250 3362 tem-

277 3407 359 3500 pla:
387 3433 500 3505 neque
527 3404 599 3504 ipse
616 3407 796 3507 ¹gaudium
838 3412 1034 3500 moderanS,
1074 3416 1107 3484 a
1140 3408 1251 3505 magis

277 3520 497 3602 insolescente
512 3528 688 3619 Plancina,
715 3555 794 3627 quae
811 3533 945 3605 luctum
977 3531 1103 3605 amissae
1127 3525 1251 3601 sororis

275 3663 351 3715 tum
369 3644 521 3739 primum
539 3650 618 3724 laeto
636 3651 732 3724 cultu
749 3653 908 3725 mutavit.
