2512 4680
417 359 715 430 Auunurun
756 353 866 429 er's.
906 355 969 429 IV.
1110 389 1179 463 229

204 539 232 577 “
251 531 466 629 sospreeor:
496 532 575 621 hos,
601 548 640 602 ut
657 527 805 607 mihi‘ad
821 530 928 601 finem
955 529 1061 628 usque
1083 534 1177 625 vitae,

204 660 231 697 “
250 653 404 753 quietam
422 650 732 750 &intelligentem
749 650 893 724 humani
919 649 1101 748 divinique
1122 652 1179 750 ju·

106 766 113 775 ’
203 782 231 818 “
248 775 290 848 tis
306 792 464 847 mentem
479 773 583 847 duint
594 802 605 858 ;
633 772 725 862 illos,
753 791 792 844 ut
810 770 1024 868 quandoque
1041 772 1178 846 conces·
1200 816 1203 820 ·

200 902 229 939 “
245 895 334 987 sero,
360 919 443 968 cum
459 894 563 967 laude
580 895 614 964 ἃ
632 892 732 965 bonis
749 891 1060 982 recordationibus,
1090 891 1181 967 sada

201 1023 230 1060 “
247 1038 354 1116 atque
369 1014 500 1089 samam
517 1012 670 1098 nominis
685 1011 755 1086 mei
773 1009 1054 1110 prosequantun''
1095 1016 1179 1087 Per·

200 1136 357 1236 stititque
373 1135 533 1233 posthac,
553 1133 683 1207 secretis
695 1132 807 1210 etiam,
819 1131 1048 1224 sermonibus,
1066 1132 1178 1230 asper·

202 1259 277 1331 nari
292 1259 400 1331 talem
427 1256 479 1330 sul
504 1256 664 1330 cultum:
694 1256 790 1353 quod
807 1254 867 1327 alii
892 1261 919 1298 “
938 1254 1181 1347 modestiam,”

204 1379 321 1470 multi,
348 1377 473 1476 “quia
493 1377 711 1467 diffideret,''‘
732 1375 893 1474 quidam,
925 1382 1003 1448 “ut
1029 1376 1181 1475 degene-

160 1504 165 1510 ’
205 1505 235 1543 “
253 1498 298 1574 ris
314 1498 460 1591 animi,''
477 1497 799 1596 interpretabantur.
819 1474 847 1539 a*
858 1498 1034 1593 Optumos
1051 1498 1182 1597 quippe

148 1678 150 1681 ψ
203 1625 234 1663 “
252 1619 467 1711 mortalium,
499 1619 657 1694 altissima
671 1642 811 1716 cupere.
860 1616 915 1691 Sic
933 1613 1130 1693 Herc'ulem
1147 1624 1182 1694 st

207 1742 429 1817 “Liberum
454 1742 548 1840 apud
574 1744 732 1831 Graecos,
767 1737 955 1838 Qritinum
982 1740 1077 1837 apucl
1102 1767 1182 1831 nos,

207 1868 236 1907 “
255 1865 364 1938 deum
380 1888 527 1939 numero
543 1863 689 1936 additos.
739 1859 873 1934 Melius
891 1861 1107 1959 Augustum,
1123 1861 1184 1959 qui

206 1990 236 2027 “
253 1983 449 2084 speraverit.
499 1985 625 2058 Cetera
650 1980 869 2080 Principibus
899 1981 1017 2063 statim
1045 1984 1181 2057 adesse:

205 2112 364 2182 “unum
392 2104 628 2180 insatiabiliter
656 2103 866 2202 parandum,
905 2103 1097 2203 prosperam
1132 2104 1183 2178 sut

202 2232 233 2269 “
249 2227 484 2304 memoriam:
519 2252 602 2301 nam
629 2244 837 2324 contemptu
854 2222 970 2318 sama,
1005 2225 1185 2302 contemni

194 2353 232 2391 '“
249 2349 431 2425 virtutes.”

253 2470 434 2542 XXXIX.
461 2474 522 2542 Ar
550 2471 724 2565 Sanuus
753 2469 862 2544 nimiis
888 2467 1027 2543 fortuna
1058 2465 1184 2559 socors,

205 2592 241 2660 dc
260 2586 424 2661 muliebri
441 2587 578 2686 insuper
595 2591 761 2689 cupidine
778 2589 947 2682 incensus,
982 2588 1186 2687 promissum

206 2705 472 2782 matrimonium
486 2709 664 2811 flagitante
680 2711 798 2803 Livia,
816 2709 999 2809 componit
1014 2710 1058 2781 ad
1075 2696 1186 2782 Caesa·

205 2851 283 2902 rem
298 2827 499 2902 codicillos:
519 2832 627 2906 moris
637 2833 769 2932 quippe
780 2853 857 2906 tum
871 2853 956 2922 erat,
971 2853 1189 2929 quamquam

205 2948 425 3044 praesentem,
455 2948 579 3048 scripto
603 2952 726 3026 adire:
761 2952 835 3051 ejus
861 2952 951 3027 talis-
968 2951 1079 3026 forma
1109 2949 1188 3024 suit.

206 3073 238 3110 “
257 3067 503 3142 Benevolentis
530 3071 635 3168 patris
665 3073 831 3171 Augusti,
859 3079 893 3148 dc
921 3099 1007 3148 mox
1031 3059 1194 3171 pluribus·

206 3193 237 3232 “
254 3186 393 3265 Tiberii
402 3186 557 3286 judiciis,
591 3190 638 3265 ita
670 3191 862 3289 insuevisse,
891 3215 930 3268 ut
947 3193 1021 3291 spes
1038 3210 1191 3291 votaque

208 3314 239 3353 “
256 3308 316 3386 sua
332 3335 406 3384 non
425 3307 518 3406 prids
534 3313 579 3386 ad
595 3312 695 3405 deos,
712 3315 821 3412 quam
837 3317 881 3390 ad
897 3313 1100 3411 Principum
1129 3339 1192 3387 au-

207 3433 238 3473 “
256 3457 311 3506 res
328 3427 513 3506 conferret.
562 3434 692 3532 Neque
707 3434 884 3533 fulgorem
911 3437 1088 3509 honorum
1111 3461 1190 3510 um·

208 3555 240 3595 “
259 3579 368 3653 quam
388 3570 595 3648 precatum:
621 3554 787 3628 excubias
802 3582 843 3630 ac
859 3557 1007 3646 labores,
1026 3575 1068 3628 ut
1080 3579 1193 3629 unum

177 3727 179 3731 «
210 3677 240 3716 “
259 3699 279 3749 e
297 3669 485 3762 militibus,
505 3696 570 3771 pro
585 3673 823 3748 incolumitate
838 3675 1062 3778 Imperatoris
1077 3677 1194 3748 malle.

209 3797 241 3878 .“
258 3801 450 3888 Attamen,
489 3795 587 3894 quod
614 3793 903 3894 pulcherrimum,
941 3797 1123 3894 adeptum,
1158 3809 1198 3866 ut

679 3916 803 4082 (λε1
