2512 4696
402 317 715 429 Auunrron
749 347 949 425 Lrn.III.
1109 380 1176 458 147

198 543 227 581 ‘¹
242 530 365 611 satores
381 535 511 606 hortor.
560 531 603 606 Id
620 529 730 606 solum
744 529 956 606 Germanico
969 527 1068 627 super
1083 535 1180 634 leges

196 666 224 701 “
240 655 509 756 praestiterimus,
541 654 638 751 quod
667 652 705 726 in
733 652 829 727 curii
849 650 971 749 ⁴potiris
1000 650 1108 749 quim
1142 657 1179 729 in

150 867 152 872 .
194 786 222 822 “
237 778 325 870 sor0,
367 778 463 875 apud
492 773 650 849 senatum
686 774 796 872 quam
826 772 923 870 apud
947 769 1106 875 judices,
1133 777 1179 850 de

193 907 350 974 “morte
383 898 455 998 ejus
474 887 712 996 anquiritur:
745 914 859 969 cetera
898 893 972 991 pari
1009 895 1179 971 modestis

149 1048 151 1052 ⁴
191 1028 220 1063 ‘⁶
235 1025 447 1096 traslentur:
479 1000 586 1093 nemo
610 1019 715 1091 Drusr
744 1015 918 1107 lacrimas,
944 1040 1050 1089 nemo
1078 1016 1176 1092 maes·

191 1148 220 1185 “
237 1143 355 1218 titiam
370 1167 485 1215 meam
508 1138 652 1238 speClet,
678 1163 744 1211 nec
761 1141 784 1212 fi
799 1163 869 1237 qua
893 1136 932 1212 in
958 1162 1022 1211 nos
1038 1116 1179 1212 adrersa

192 1269 220 1306 “
238 1263 457 1363 finguntur.”
916 1281 919 1291 “
985 1253 987 1260 ¹

197 1432 200 1436 -
239 1386 339 1458 XIII.
368 1387 474 1457 Exru
499 1388 526 1425 “
540 1380 692 1456 biduum
717 1360 922 1455 criminibus
949 1379 1178 1480 objiciendis’'

191 1500 363 1594 statuitur,
406 1511 562 1601 “utque
589 1500 648 1576 sex
679 1501 816 1576 dierum
843 1501 954 1600 spatio
983 1501 1176 1601 interjecto,

192 1633 221 1671 “
239 1652 317 1701 reus
344 1625 583 1724 pertriduum
607 1622 886 1732 defenderetur.''
935 1623 1034 1696 Tum
1059 1624 1176 1698 Fulci-

160 1836 166 1862 ι
189 1746 267 1821 nius
281 1750 448 1820 vetera&
469 1743 584 1818 inania
600 1745 748 1837 orditur,
778 1744 976 1837 ambitiose,
1001 1747 1178 1844 avaresque

190 1867 346 1942 habitam
384 1863 606 1965 Hispaniam.
672 1868 781 1966 Qrod
820 1891 935 1967 neque
973 1865 1177 1942 convictum

189 2012 293 2063 noxae
319 2013 393 2079 re0,
413 1990 444 2061 ‘sr
470 1986 622 2062 recentia
646 2008 831 2088 purgaret3
863 2011 979 2087 neque
995 1985 1177 2064 defensum

72 2204 74 2206 q
187 2109 390 2185 absolutioni
420 2129 508 2199 erat,
544 2107 567 2182 sr
594 2129 770 2185 teneretur
801 2109 991 2210 majoribus
1024 2110 1178 2212 flagitiis.

186 2231 266 2306 Post
294 2257 403 2332 quem
437 2233 609 2323 Servaeus,
648 2237 682 2306 δι
711 2232 892 2323 Veranius,
936 2237 970 2305 ὃς
998 2233 1176 2322 Vitellius,

185 2352 354 2426 consimili
388 2351 521 2441 studio,
548 2350 608 2426 sed
633 2344 743 2428 multi
768 2354 967 2453 eloquentis
1002 2351 1175 2441 Vitellius,

187 2472 360 2571 objecsre,
399 2470 532 2544 “odio
553 2474 771 2566 Germanici,
802 2479 837 2550 lc
862 2499 980 2549 rerum
1005 2497 1177 2546 novarum

96 2635 101 2638 >
187 2597 214 2634 ‘⁴
233 2593 361 2682 studio,
389 2587 552 2666 Pisonem
568 2596 696 2694 vulgus
722 2595 891 2687 militum,
918 2622 981 2694 per
997 2593 1175 2668 licentiam

189 2716 271 2804 “¹31
300 2710 474 2787 sociorum
505 2713 655 2814 injurias,
691 2716 733 2792 εὸ
758 2716 866 2818 usque
894 2716 1095 2815 corrupisse,
1135 2732 1175 2787 ut
1199 2728 1205 2733 “

188 2838 217 2876 “
231 2854 349 2931 parens
374 2834 524 2932 legionum
549 2863 569 2909 a
594 2838 786 2913 deterrimis
812 2833 1063 2937 appellaretur:
1090 2859 1174 2909 con-

190 2959 218 2996 “
235 2955 302 3044 tri,
333 2954 370 3027 in
386 2955 563 3052 optimum
581 2984 772 3059 quemque,
803 2958 958 3033 maxime
975 2959 1011 3031 in
1028 2955 1175 3033 comites

189 3081 217 3118 “
236 3078 270 3148 δι
305 3073 438 3149 amicos
472 3078 686 3172 Germanici,
717 3079 872 3155 saeviffe:
909 3078 1086 3180 postremo
1120 3077 1175 3174 ip·

188 3202 216 3238 “
234 3196 310 3271 sum
338 3196 585 3272 devotionibus
618 3202 652 3274 δι
677 3182 816 3276 veneno
842 3203 1023 3301 peremiffe
1038 3200 1061 3272 τ’
1082 3196 1175 3274 sacra

188 3323 216 3360 “
233 3317 316 3392 hinc
357 3324 391 3391 ὃς
430 3317 686 3396 immolationes
725 3322 891 3396 nefandas
912 3323 1033 3419 'ipfius
1071 3341 1176 3420 atque

184 3444 216 3537 f‘
234 3424 436 3514 Plancina:
464 3439 610 3539 petitam
633 3444 736 3518 armis
760 3442 1014 3541 rempublicam
1026 3472 1037 3530 3
1063 3462 1175 3542 utque

180 3559 216 3604 '“
233 3587 310 3637 reus
327 3562 384 3662 agi
401 3564 525 3661 posset,
548 3562 620 3636 acie
636 3565 808 3640 rislum?

234 3686 333 3760 XIV.
376 3687 587 3759 Darsusro
621 3683 656 3756 in
690 3684 813 3760 ceteris
827 3678 832 3760 s
845 3679 1030 3782 trepidavit
1047 3717 1057 3761 ε
1074 3692 1172 3763 'nam

188 3828 301 3903 neque
318 3805 555 3882 ambitionem
573 3804 785 3898 militarem,
804 3829 918 3906 neque
953 3807 1175 3904 provinciam

639 3930 675 4001 L
701 3953 721 4000 2
