2796 4724
321 342 768 419 AuuarrnMLra.
805 342 869 415 lV.
1040 371 1111 445 219

139 519 248 620 guine
295 522 495 618 explebant.
560 518 748 593 Differtur
782 508 844 617 per
895 517 1109 616 manipulos,

139 649 167 687 “
185 636 604 731 Tacfarinatemomnes,
630 655 758 713 notum
781 659 833 712 tot
857 639 1001 737 proeliis‚-
1028 667 1113 715 con-

138 770 168 806 “
187 762 380 837 sedentur:
413 787 498 853 non,
534 761 595 834 nifi
624 761 715 835 duee
737 759 928 849 interfecto,
955 762 1113 859 requiem

137 882 266 957 “belli
284 882 396 957 fore.”
447 887 498 955 At
522 882 594 972 ille,
621 880 762 979 dejestis
784 881 917 953 circbm
945 881 1115 980 stipatori-

136 1005 215 1094 bus,
229 1004 418 1100 vinctoque
427 1000 505 1100 jam
524 1001 611 1091 filio,
627 1002 785 1085 &effusis
801 1001 958 1099 undique
972 1005 1107 1079 Roma·

135 1125 203 1216 nis,
238 1124 373 1197 ruendo
405 1124 442 1197 in
480 1104 562 1213 tela,
607 1120 848 1218 captivitatem
877 1124 970 1197 haud
1003 1124 1114 1200 inulta

136 1264 247 1319 morte
282 1244 417 1343 effugit.
466 1242 567 1342 Isque
590 1241 668 1322 finis
685 1243 787 1316 armis
803 1243 991 1340 impositus.
1119 1278 1124 1287 ’

184 1366 322 1450 XXVI.
373 1366 632 1438 Domuum:
672 1364 801 1460 petenti
835 1364 956 1439 abnuit
991 1367 1114 1442 trium·

135 1485 256 1584 phalia
271 1483 449 1577 Tiberius,
475 1483 598 1581 Sejano
624 1485 791 1575 tribuens,
818 1511 862 1587 ne
883 1488 977 1560 Blaefi
1002 1513 1114 1562 avun-

138 1607 210 1704 culi
232 1604 304 1705 ejus
332 1607 407 1680 laus
432 1603 667 1680 obsolesceret.
717 1607 785 1680 Sed
809 1633 924 1706 neque
944 1608 1067 1683 Blaesus
1086 1609 1115 1683 i·

139 1729 207 1801 deo
223 1723 411 1818 inlustrior,
439 1731 473 1800 δι
491 1725 573 1826 huic
598 1748 744 1825 negatus
766 1729 880 1802 honor
898 1730 1045 1827 gloriam
1061 1731 1116 1804 in-

139 1849 264 1921 tendit.
314 1847 460 1946 Qippe
477 1846 614 1922 minore
642 1847 814 1939 exercitu,
841 1847 989 1949 infignes
1005 1851 1116 1949 capti-

134 1995 213 2061 vos,
240 1971 376 2044 caedem
391 1967 505 2058 ducis,
533 1967 686 2067 bellique
713 1966 863 2042 consecti
895 1968 1026 2046 famam
1051 1975 1113 2047 de·
1181 2023 1186 2034 ·

131 2110 292 2188 portarat.
342 2091 581 2189 Sequebantur
600 2086 902 2165 &Garamantum
920 2093 1039 2191 legati,
1059 2121 1113 2167 ra·

131 2211 172 2284 td
188 2211 224 2284 in
244 2212 344 2285 Urbe
360 2209 436 2301 visi,
464 2235 568 2308 quos,
593 2208 813 2285 Tacfarinate
830 2211 930 2303 caeso,
959 2216 1115 2311 perculsa

69 2351 72 2357 ·
133 2356 231 2430 gens,
258 2357 323 2405 nec
340 2333 454 2429 culpae
472 2330 598 2422 nescia,
626 2333 670 2405 ad
687 2329 964 2418 satisfaciendum
982 2339 1117 2431 populo

133 2457 300 2527 Romano
318 2448 466 2524 miserat.
515 2452 676 2549 Cognitis
704 2451 832 2525 dehinc
858 2453 1037 2526 Ptolemaei
1054 2482 1117 2551 per
1185 2550 1188 2555 .
1233 2441 1236 2458 ’

58 2635 62 2661 ,
132 2571 171 2644 id
187 2573 322 2645 bellum
342 2568 476 2660 studiis,
501 2572 663 2671 repetitus
684 2572 891 2647 ex'vetusto
917 2599 1008 2666 mos,
1035 2575 1114 2651 mis·
1167 2664 1174 2674 ,

134 2689 256 2790 susque
289 2715 308 2765 e
339 2690 564 2786 senatoribus,
603 2695 664 2793 qui
702 2694 892 2793 scipionem
928 2698 1114 2789 eburnum,
1326 2681 1328 2685 ¹

131 2833 252 2910 togam
279 2813 422 2913 pisiam,
460 2814 605 2915 antiqua
632 2836 769 2913 patrum
801 2841 959 2907 munera,
1001 2819 1113 2911 daret,

134 2919 373 3032 “regemque
398 2939 432 3008 &
461 2934 594 3010 socium
623 2958 730 3036 atque
755 2938 935 3012 amicum’'
963 2941 1114 3038 appella·

133 3073 198 3127 fet·

72 3171 77 3175 ’
181 3155 340 3249 xxv11.
364 3177 514 3252 Eannu
548 3180 675 3271 aestate,
703 3200 800 3254 mota
813 3206 873 3279 per
888 3155 1030 3254 'Italiam
1046 3182 1114 3255 ser·

131 3293 209 3368 vilis
232 3280 316 3369 belli
344 3295 475 3373 semina
502 3298 572 3375 sors
598 3299 772 3398 oppreslit.
824 3305 958 3376 Auitor
978 3304 1111 3377 tumul·

134 3414 192 3489 tds
216 3416 263 3488 T.
281 3417 458 3512 Curtium,
485 3424 666 3519 quondam
694 3422 862 3520 praetoriae
879 3422 1030 3498 cohortis
1048 3426 1115 3499 mi·

131 3536 196 3628 les,
222 3537 340 3635 primb
356 3540 504 3614 coetibus
526 3542 758 3635 clandestinis,
785 3544 879 3641 apud
896 3546 1114 3621 Brundisium

132 3660 168 3730 δι
184 3656 407 3757 circumjedla
433 3660 589 3759 oppida;
616 3690 702 3738 mox
728 3665 843 3763 positis
873 3669 1054 3765 propalam
1072 3669 1113 3740 li·

133 3778 246 3873 bellis,
282 3783 327 3858 ad
358 3782 553 3860 libertatem
592 3789 740 3862 vocabat
768 3787 915 3888 agrestia
939 3815 1002 3888 per
1034 3792 1111 3863 lon·
