2834 4732
408 351 714 420 Arruntium
748 348 938 419 Lrnrll.
1104 354 1150 449 89

181 531 210 567 “
228 548 324 610 num,
344 526 377 595 δε
396 520 566 595 inauditas
582 520 754 608 volucres,
768 519 921 592 monstra
938 518 1054 615 maris,
1073 547 1148 596 arn·

182 651 210 686 “
229 643 349 740 biguas
371 640 556 713 hominum
582 645 615 714 ὅτ
640 639 832 712 belluarum
858 637 986 712 formas
1001 641 1037 710 :’'
1067 640 1148 732 visa,

179 767 247 836 sive
264 789 307 836 ex
326 781 424 834 metu
440 760 581 833 credita.
661 816 665 823 .

127 879 131 886 ’
226 885 344 958 XXV.
369 884 444 971 San
465 905 578 953 FAMA
605 882 711 954 claffis
731 881 872 970 amissae,
895 901 934 954 ut
955 884 1151 957 Germanos

178 1005 222 1077 ad
239 1001 335 1100 spem
351 1001 447 1092 belli,
471 1001 517 1073 ita
533 999 702 1074 Caesarem
720 1003 764 1074 ad
781 1003 1014 1075 cosrcendum
1031 1004 1150 1078 erexit.

180 1126 222 1197 C.
235 1125 317 1197 Silio
334 1150 416 1197 curn
433 1122 576 1220 triginta
590 1122 760 1219 peditum,
774 1121 882 1195 tribus
898 1123 1055 1219 equitum
1073 1124 1150 1197 mil·

180 1245 270 1318 libus
293 1244 340 1318 ire
361 1245 397 1317 in
414 1245 533 1315 Cattos
551 1242 722 1337 imperat:
754 1240 823 1337 ipse
840 1240 1026 1339 majoribus
1044 1245 1152 1341 copiis

170 1364 316 1437 Marsos
338 1353 522 1458 inrumpit:
555 1387 704 1457 quorum
728 1361 802 1433 dux
825 1347 1062 1436 Malov'endus
1085 1391 1151 1436 nu-

162 1510 245 1580 sper
273 1484 308 1555 in
340 1481 555 1555 deditionem
588 1501 760 1577 acceptus,
796 1481 1039 1578 “propinquo
1071 1485 1154 1556 luco

183 1611 211 1646 “
229 1602 396 1676 defossam
409 1601 563 1673 Varianae
580 1600 725 1698 legionis
740 1600 892 1698 aquilam
910 1601 1050 1675 modico
1064 1595 1151 1700 pree-

183 1730 211 1766 “
231 1723 314 1796 fidio
330 1721 478 1796 serrari’'
503 1721 642 1794 indicat.
692 1720 797 1793 Missa
818 1722 995 1817 extemplo
1014 1748 1151 1814 manus,

183 1872 260 1942 quae
284 1844 416 1916 hostem
438 1868 459 1913 a
480 1841 593 1915 fronte
615 1841 763 1929 eliceret,
788 1840 858 1929 alii,
886 1841 946 1938 qui
968 1862 1065 1940 terga
1084 1843 1151 1916 cir-

117 1981 120 1991 *
182 1966 375 2063 cumgrelsr'
385 1962 601 2036 recluderent
619 1964 792 2034 humum:
817 1965 851 2032 &
873 1960 1023 2059 utrisque
1044 1963 1154 2037 adfuit

180 2083 328 2158 fortuna.
397 2085 452 2157 Εὸ
482 2083 677 2181 promptior
704 2081 813 2154 Caesar
836 2081 952 2181 pergit
978 2081 1154 2174 introrsus,

179 2209 377 2303 populatur,
403 2204 571 2278 exscindit
588 2229 660 2275 non
676 2202 798 2276 ausum
815 2203 1150 2301 congredi'hostem:

178 2347 237 2398 aut
260 2325 366 2400 sicubi
387 2325 567 2414 restiterat,
590 2322 703 2396 statim
724 2320 874 2419 pulsum,
895 2349 959 2396 nec
982 2350 1154 2421 umquam

180 2446 305 2543 magis,
334 2465 375 2516 ut
404 2471 449 2517 ex
477 2444 620 2541 captivis
649 2443 831 2540 cognitum
861 2443 923 2534 est,
956 2462 1173 2539 paventem..
1233 2470 1237 2480 ·

178 2565 323 2661 Qippe
364 2572 390 2607 “
419 2564 565 2637 invidos
597 2568 630 2637 δε
660 2563 762 2636 nullis
790 2566 921 2637 casibus
949 2561 1153 2660 superabiles

182 2688 208 2724 “
228 2684 434 2756 Romanos''
464 2680 713 2781 praedicabant,
743 2684 848 2782 “qui
877 2684 1010 2781 perditas
1038 2663 1152 2771 classe,

183 2807 210 2843 “
228 2802 350 2876 amissis
367 2805 484 2894 armis,
513 2804 590 2903 post
607 2806 779 2878 constrata
796 2830 967 2903 equorum
984 2804 1154 2876 virorum·

183 2929 210 2963 “
229 2948 296 3019 que
320 2925 526 3020 corporibus
544 2926 657 3014 litora,
676 2927 796 2999 eddenr
814 2925 953 3012 virtute,
978 2922 1049 3020 pari
1065 2921 1152 2995 sero-

183 3048 211 3083 “
229 3041 295 3130 cia,
315 3046 348 3113 δι
366 3044 473 3115 veluti
490 3045 581 3117 ausli
598 3071 744 3120 numero
761 3046 999 3144 inrupissent.”

229 3164 364 3235 XXVl.
386 3165 603 3236 Rnnucrus
622 3165 702 3239 inde
719 3166 753 3240 in
770 3167 913 3240 hiberna
928 3165 1041 3252 miles,
1055 3165 1154 3234 latus

180 3282 300 3372 animi,
331 3282 427 3379 qubd
450 3283 590 3357 adversa
611 3285 726 3374 maris,
754 3285 973 3383 expeditione
995 3281 1154 3380 prospers
1240 3383 1244 3389 ι

180 3400 406 3498 pensaviffet:
437 3404 571 3478 addidit
594 3402 1016 3493 munificentiam‘Caesar,
1042 3429 1152 3500 quan-

180 3542 255 3594 tum
273 3522 351 3619 quis
368 3523 488 3595 damni
506 3524 671 3620 professus
694 3548 779 3619 erat,
802 3524 1023 3599 exsolvendo.
1073 3526 1151 3597 Nec

177 3642 327 3715 dubium
345 3645 550 3734 habebatur,
571 3647 687 3719 labare
704 3646 828 3734 hostes,
847 3647 1075 3744 petendaeque
1092 3671 1151 3741 pa-

177 3760 225 3849 cis
241 3761 539 3854 commonere,
554 3770 587 3839 ὅ(
602 3769 624 3840 st
643 3765 805 3862 proxima
821 3766 917 3840 aestas
932 3764 1150 3866 adjiceretur,
1201 3838 1203 3842 ,
