2602 4716
278 437 280 441 ἢ
392 312 942 421 ΑΝΝΑιιυΜΕιΒ.ΪῙ.
1108 358 1151 452 83

179 528 251 600 “ni
268 525 335 624 spe.
385 523 539 594 ClalIenr
557 519 686 617 quippe
705 527 738 595 δι
755 522 832 595 avia
846 525 978 596 Oceani
1000 531 1150 621 quaesua,

179 645 359 746 “nequis
384 642 607 718 venientibus
634 645 840 734 occurreret,
865 670 909 716 ne
937 642 1051 741 pullos
1074 672 1151 742 pre-

177 775 343 841 “meret:
375 764 435 839 led
452 765 514 837 ubi
542 760 736 838 miscuerint
759 793 895 854 manus,
926 766 1027 838 inane
1054 766 1151 839 vietis

175 895 203 930 “
217 912 399 962 ventorum
434 910 682 982 remorumque
710 885 908 960 subfidium.
969 885 1151 960 Meminis-

175 1014 203 1072 ‘5
216 1005 283 1087 sent
301 1009 410 1083 modo
427 1006 593 1098 avaritiae,
622 1005 843 1095 crudelitatis,
875 1005 1060 1103 superbire:
1089 1007 1150 1079 ali·

176 1131 261 1203 “ud
281 1129 342 1204 fibi
365 1129 554 1226 reliquum,
586 1128 693 1224 quam
716 1148 831 1201 tenere
857 1128 1064 1218 libertatem,
1094 1150 1153 1203 aut

174 1255 203 1292 “
216 1252 301 1324 mori
317 1271 396 1324 ante
412 1247 587 1322 servitium
600 1250 640 1320 ?''
1130 1242 1134 1255 ’

222 1367 320 1441 XVI.
345 1372 410 1442 Sic
438 1392 634 1441 Accausos
662 1373 696 1441 δι
725 1369 889 1465 proelium
920 1367 1095 1465 poscentes
1114 1371 1149 1444 in

173 1513 353 1584 campum,
379 1486 436 1561 cui
463 1490 620 1584 Idt'jlaoiso
639 1513 782 1578 nomen,
801 1489 1002 1583 deducunt:
1031 1490 1059 1562 is
1077 1517 1151 1562 me·
1254 1562 1256 1565 ,

173 1609 254 1683 dius
280 1610 367 1683 inter
392 1606 568 1706 Visurgim
595 1615 629 1682 δι
657 1611 777 1697 colles,
819 1629 856 1681 ut
882 1610 965 1706 ripae
996 1609 1150 1683 fluminis

175 1731 318 1819 cedunt,
344 1749 405 1802 aut
427 1727 653 1825 prominentia
680 1728 852 1802 montium
875 1730 1039 1819 resistunt,
1065 1729 1150 1802 inae·

174 1849 321 1946 qualiter
347 1851 522 1920 sinuatur:
552 1875 642 1946 pone
669 1871 807 1947 tergum
832 1837 1028 1948 insurgebat
1053 1852 1149 1942 silva,

174 1968 275 2042 editis
289 1969 326 2041 in
348 1971 460 2042 altum
482 1968 598 2058 ramis,
625 1977 658 2043 δι
688 1973 774 2068 pura
801 1970 912 2043 humo
939 1971 1027 2044 inter
1050 1973 1150 2044 arbo-

172 2114 249 2163 rum
272 2112 426 2163 ttuncos.
475 2089 710 2186 Campum&
737 2090 850 2188 prima
872 2092 1046 2181 silvarum,
1075 2095 1151 2165 bar-

172 2211 253 2283 bara
282 2210 375 2285 acies
411 2209 541 2282 renuit:
582 2206 642 2281 soli
675 2210 837 2284 Cherusci
863 2202 1149 2310 juga'inledl’re,

92 2310 100 2317 „
172 2349 209 2402 ut
243 2328 487 2428 proeliantibus
525 2329 696 2404 Romanis
737 2330 892 2428 desuper·
924 2331 1149 2404 incurrerent.
1192 2409 1193 2413 Ἰ

171 2452 296 2526 Noster
329 2447 504 2523 exercitus
538 2453 582 2522 src
624 2450 768 2524 incessit:
815 2451 998 2524 auxiliares
1041 2449 1149 2538 Galli,

173 2569 413 2666 Germanique
435 2568 469 2641 in
493 2569 633 2642 frontes
646 2573 723 2669 post
747 2598 834 2670 quos
858 2571 989 2668 pedites
1013 2567 1150 2667 sagitta-

172 2689 236 2762 rii:
263 2689 346 2764 dein
371 2711 520 2786 quatuor
544 2691 711 2788 legiones,
741 2699 879 2766 &curn
903 2693 1039 2764 duabus
1066 2714 1150 2784 prae-

152 2812 263 2902 ⁸toriis
289 2811 506 2901 cohortibus,
534 2814 575 2884 a'c
605 2814 741 2886 delecto
770 2812 885 2910 equite
907 2811 1041 2883 Caelar:
1070 2808 1151 2882 exin

171 2931 317 3004 totidem
350 2931 427 3004 aliae
459 2933 627 3030 legiones,
671 2939 704 3007 &
738 2933 823 3005 Ievis
863 2951 1032 3003 armatura
1070 2954 1152 3000 curn

171 3050 291 3148 equite
325 3047 510 3146 sagittario,
549 3073 740 3152 ceteraque
775 3050 947 3123 sociorum
980 3049 1150 3122 cohortes.

170 3173 330 3246 Intentus
364 3168 568 3268 paratusque
602 3173 712 3264 miles,
747 3192 785 3244 ut
818 3172 904 3243 ordo
937 3167 1083 3268 agminis
1116 3168 1151 3240 in

169 3291 283 3365 aciem
300 3288 483 3365 adsisteret.

218 3413 339 3486 XVII.
374 3413 406 3481 V
411 3438 480 3485 rsrs
507 3411 756 3486 Chenrsconrm
789 3409 1057 3506 catervis,'quae
1091 3437 1152 3509 per

172 3529 336 3608 ferociam
371 3550 610 3629 proruperant,
653 3531 872 3605 validiffimos
907 3530 1064 3626 equitum
1097 3534 1150 3606 in-

171 3676 301 3729 currere
325 3655 429 3741 latus,
455 3652 655 3726 Stertinium
685 3676 767 3725 cum
796 3649 916 3722 ceteris
945 3651 1066 3724 turmis
1088 3652 1152 3724 cir·

170 3773 369 3875 cunigredi,
399 3795 566 3873 tergaque
591 3773 753 3846 invadere
768 3768 880 3868 jubet,
911 3771 979 3870 ipse
1005 3772 1040 3844 in
1065 3792 1152 3842 tem-

619 3896 653 3964 G
679 3917 698 3963 2
