2834 4732
411 333 723 406 Aunnnruu
758 333 944 407 Lru.ll.
1117 358 1163 442 75
1243 291 1245 299 l

182 511 319 611 perium
352 506 430 598 fuit,
460 533 576 606 neque
607 506 725 582 liberis
753 505 840 605 ejus,
868 533 1083 606 quamquam
1112 512 1190 586 so·¹

182 631 277 707 elatis
294 655 391 708 more
408 649 554 703 externo
582 628 618 702 in
652 628 915 703 matrimonium
934 654 1165 729 regnumque.

179 751 272 829 Dein
293 747 389 849 jussu
419 751 571 849 Augusti
588 750 769 848 impositus
788 749 1009 843 Artavasdes,
1037 755 1166 829 &non

180 878 251 948 sine
266 874 367 948 clade
382 871 496 945 nostra
512 869 677 970 dejeslus.
1140 959 1142 961 ι

227 997 292 1069 IV.
316 996 415 1067 Tun
445 993 487 1066 C.
520 994 664 1066 casm
699 994 958 1090 componenda
988 995 1165 1071 Armenia

98 1146 101 1155 ’
180 1114 358 1214 deligitur.
408 1116 442 1188 ls
460 1113 741 1204 Ariobarzanen,
769 1112 903 1212 origine
920 1114 1088 1208 Medum,
1117 1121 1166 1193 ob

179 1235 350 1334 insignem
384 1234 538 1333 corporis
565 1233 731 1323 formam,
773 1238 807 1307 δι
846 1236 1053 1331 praeclarum
1090 1239 1165 1311 ani·

180 1383 294 1447 mum,
318 1357 519 1430 volentibus
536 1354 713 1429 Armeniis
731 1354 893 1452 praesecit.
924 1356 1165 1434 Ariobarzane

183 1497 299 1556 morte
313 1473 452 1552 fortuitd
468 1475 665 1576 ablbmpto,
680 1465 682 1468 ’
696 1476 838 1574 stirpem
856 1474 928 1573 ejus
956 1478 1051 1550 haud
1074 1480 1163 1552 tole·

182 1600 329 1679 ravere:
378 1617 579 1696 tentatoque
613 1596 754 1672 femina
791 1596 951 1697 imperio,
999 1597 1057 1672 cui
1101 1626 1165 1677 no·

181 1745 265 1800 men
283 1722 406 1809 Erato,
431 1722 540 1818 estque
571 1717 669 1793 brevi
701 1719 811 1816 pulsa,
831 1717 952 1791 incerti
978 1716 1164 1819 solutique,

183 1846 218 1916 ἃ
236 1839 351 1940 magis
368 1844 436 1915 sine
458 1840 619 1930 dominu,
645 1841 754 1938 quam
782 1839 818 1912 in
843 1839 1012 1932 libertate,
1044 1841 1165 1939 prosu-

183 1989 271 2062 gum
293 1964 467 2037 Vononen
507 1959 547 2034 iu
586 1987 736 2060 regnum
764 1958 951 2056 accipiunt.
1001 1962 1069 2042 Sed
1103 1963 1167 2044 ubi

180 2082 333 2163 minitari
354 2086 568 2175 Artabanus,
592 2087 626 2156 &
653 2109 776 2180 parum
799 2078 936 2158 subsidii
960 2081 997 2159 in
1035 2089 1165 2158 Arme·

179 2204 259 2296 niis,
288 2206 345 2280 vel
367 2209 398 2280 'si
432 2205 546 2282 nostra
585 2202 621 2278 vi
649 2201 908 2295 defenderetur,
944 2205 1078 2280 bellum
1102 2208 1164 2279 ad·

178 2329 298 2402 versus
314 2328 462 2402 Parthos
478 2324 690 2400 sumendum
708 2343 778 2398 erat
789 2354 810 2412 3·
826 2327 941 2400 redlor
957 2325 1063 2422 Syriae
1080 2327 1165 2401 Cre-

179 2447 268 2525 ticus
300 2449 436 2549 silanus
453 2447 623 2541 *excitum
654 2445 811 2520 custodid
847 2445 1052 2536 circumdat,
1089 2471 1166 2519 ma-

126 2570 130 2575 *
181 2591 284 2644 nente
306 2572 394 2647 luxu
417 2573 450 2643 δι
476 2568 576 2668 regio
605 2567 770 2642 nomine:
803 2570 900 2666 quod
917 2567 1109 2644 ludibrium
1125 2587 1167 2643 ut

182 2691 334 2790 effugere
351 2689 534 2789 agitaverit
552 2689 732 2780 Vonones,
758 2688 796 2763 in
813 2691 895 2763 loco
913 2689 1111 2762 reddemus.

230 2813 273 2884 V.
299 2813 498 2885 Caranum
526 2808 674 2885 Tiberio
700 2812 795 2885 haud
827 2810 1005 2908 ingratum
1038 2807 1165 2882 accidit

105 2962 107 2965 ¹
181 2916 315 3005 turbari
328 2957 381 3005 res
392 2930 559 3022 Orientis,
577 2952 617 3005 ut
641 2935 681 3006 ed
695 2931 807 3030 specie
820 2928 1070 3008 Germanicum
1092 2926 1166 3001 sue·

181 3049 226 3126 tis
259 3050 456 3148 legionibus
499 3052 704 3130 abstraheret
716 3082 727 3138 ;
774 3049 945 3149 novisque
976 3048 1166 3148 provinciis

180 3171 399 3269 imposrtum,
423 3172 509 3246 dolo
527 3174 626 3271 simul
661 3170 1062 3271 &cafibusobjeetaree
1114 3174 1166 3244 At
1202 3210 1203 3214 =

181 3291 254 3381 ille,
291 3291 423 3388 quaml>
451 3291 584 3366 acriora
615 3293 652 3368 in
681 3319 764 3367 eum
792 3294 904 3370 studia
931 3292 1098 3381 militum,
1130 3295 1165 3366 δε

179 3410 300 3486 aversa
318 3411 428 3509 patmi
445 3414 622 3504 voluntas,
658 3417 850 3491 celerandae
877 3411 1029 3488 vidoriae
1050 3411 1163 3495 inten-

180 3531 263 3622 tior,
291 3534 435 3607 tradate
453 3532 657 3629 proeliorum
675 3534 762 3625 vias,
789 3539 823 3608 ὃς
839 3561 918 3632 quae
941 3533 1002 3608 fibi
1019 3533 1162 3606 tertium

170 3651 246 3761 jam
259 3680 392 3730 annum
416 3653 632 3753 belligeranti
654 3653 744 3735 saeva
765 3656 822 3729 vel
847 3653 1006 3755 prospera
1029 3634 1161 3730 evenis·
1267 3641 1271 3658 ’
