2796 4724
230 409 235 421 .
329 297 658 447 *Auiuatruu
683 346 799 420 Lrs.
824 348 888 420 lv.
1039 375 1110 450 223

133 525 294 612 censuits
314 523 408 598 tantlt
436 522 661 598 contentione
688 522 809 613 animi,
834 542 874 597 ut
900 521 1113 621 &jurando

132 647 378 744 obstringeret,
441 652 469 688 “
498 671 518 720 e
547 643 726 743 republicss
766 644 804 715 id
838 644 942 717 esse.''
1005 647 1115 742 Ql0d
1189 736 1192 743 1

137 767 252 866 aspere
284 786 470 866 acceptum
512 766 559 839 ad
597 763 758 863 praesens,
785 791 872 838 mox
909 763 947 836 in
975 765 1116 840 laudern

131 887 248 979 vertit,
273 889 424 987 regresso
446 886 579 960 Suilio:
610 912 716 984 quem
745 884 836 958 vidit
860 883 1005 982 sequens
1033 905 1116 958 aetas

137 1025 403 1108 praepotentem,
429 1009 605 1096 venalem,
633 1010 664 1079 &
688 1004 827 1078 Claudii
842 1004 1011 1102 Principis
1028 1005 1116 1079 ami-

134 1131 217 1206 citis
245 1130 310 1204 diu
339 1127 515 1227 prospere,
546 1153 743 1224 numquam
773 1129 862 1200 bene
884 1124 996 1201 usum
1047 1129 1117 1200 Ea-

136 1255 220 1326 dem
240 1276 347 1349 poena
375 1250 412 1323 in
439 1251 566 1324 Catum
583 1248 756 1322 Firmium
782 1247 973 1323 senatorem
998 1247 1117 1321 statui·

137 1393 208 1461 tur,
233 1391 418 1469 tamquam
454 1369 541 1473 salfis
573 1366 755 1468 majestatis
788 1368 990 1460 criminibus
1022 1367 1116 1443 soro·
1148 1360 1152 1367 ¹

138 1518 213 1567 rem
227 1472 413 1590 petivisset.
461 1491 584 1580 Catus,
610 1512 650 1564 ut
663 1490 778 1579 retuli,
800 1489 981 1564 ‘Libonem
1005 1490 1118 1564 inlex·

137 1633 209 1687 erat
227 1612 370 1702 insidiis,
396 1612 522 1687 deinde
545 1611 674 1685 indicio
693 1612 910 1708 perculerat:
938 1609 1011 1710 ejus
1023 1639 1118 1710 ope·

136 1760 184 1818 rae
202 1734 340 1808 memor
355 1733 533 1823 Tiberius,
552 1731 610 1807 sed
626 1722 692 1806 alia
709 1732 941 1828 praetendens,
960 1734 1119 1810 exsilium

135 1856 342 1951 deprecatus
371 1854 442 1927 est:
470 1853 657 1953 quominus
677 1850 794 1926 senatu
822 1855 1021 1952 pelleretur,
1047 1883 1121 1938 non

138 1974 284 2048 obstitit.

183 2096 340 2169 XXXII.
366 2098 587 2182 Pataroue
601 2120 723 2171 eorum
738 2122 818 2205 quae
830 2096 947 2187 retuli,
968 2125 1118 2198 quaeque

136 2215 296 2306 referam,
325 2242 433 2314 parva
449 2215 603 2307 forsitan,
623 2221 656 2291 δι
673 2217 765 2293 levia
780 2240 975 2292 memoratu
993 2220 1120 2311 videri,

140 2364 212 2412 non
235 2337 368 2414 nescius
385 2338 480 2411 sum:
508 2336 568 2410 sed
585 2364 691 2412 nemo
716 2339 871 2412 Annales
887 2337 1020 2411 nostros
1037 2365 1122 2415 cum

36 2473 38 2486 '
123 2456 302 2556 scriptur&
325 2483 450 2533 eorum
474 2458 723 2550 contenderit‚.‚
747 2457 808 2557 qui
832 2480 962 2532 veteres
998 2459 1122 2557 populi

138 2577 296 2652 Romani
320 2603 374 2651 res
395 2576 634 2676 composurlre.
684 2577 843 2679 Ingentia
859 2578 908 2653 illi
926 2580 1031 2671 bella,
1058 2605 1121 2656 ex·
1191 2675 1201 2686 Γ

140 2697 370 2796 pugnationes
391 2699 546 2791 urbium,
572 2698 664 2775 susos
692 2699 879 2800 captosque
902 2726 1023 2800 reges3
1049 2722 1121 2794 aut,

140 2822 164 2894 fi
196 2820 339 2918 quando
380 2821 424 2894 ad
463 2820 602 2897 interna
639 2841 899 2921 praeverterent,
937 2819 1123 2901 discordias

141 2939 323 3016 consulum
345 2942 532 3017 adversum
560 2943 732 3034 tribunos,
758 2941 907 3042 agrarias
929 2940 1122 3044 frumenta-

141 3059 275 3160 riasque
294 3062 404 3159 leges,
432 3063 594 3159 plebis&
613 3063 838 3162 optimatium
854 3064 1054 3155 certamina,
1081 3065 1124 3139 li-

142 3185 226 3257 bero
244 3183 380 3281 egressu
402 3171 653 3258 memorabant.
703 3186 819 3260 Nobis
836 3166 873 3260 in
889 3187 999 3277 atsto,
1018 3192 1053 3261 δι
1069 3187 1124 3261 in-

143 3302 275 3402 glorius
300 3304 407 3377 labor.
456 3305 609 3380 Immota
633 3305 779 3405 quippe,
816 3328 876 3381 aut
902 3307 1040 3381 modice
1073 3311 1123 3382 la·
1180 3346 1184 3357 .

140 3421 256 3498 cellita
275 3450 359 3522 pax,
385 3425 510 3502 maestae
534 3425 645 3501 Urbis
667 3452 734 3518 res,
762 3431 796 3500 δι
824 3426 989 3526 Princeps
1010 3427 1124 3526 profe·
1211 3504 1214 3511 ,

141 3545 241 3619 rendi
266 3545 401 3644 imperii
430 3540 618 3621 incuriosus
648 3568 732 3644 erat.
792 3550 878 3622 Non
895 3568 1019 3637 ,tamen
1054 3556 1124 3631 stne

143 3666 205 3741 usu
239 3667 355 3759 suerit,
383 3666 603 3765 introspicere
637 3669 695 3744 illa
719 3669 832 3769 primo
852 3668 990 3768 aspes’tu
1019 3675 1123 3765 levia,

143 3813 189 3868 ex
218 3792 298 3889 quis
315 3815 525 3892 magnarum
543 3785 631 3890 saepe
655 3816 769 3871 rerum
791 3813 907 3871 motus
931 3794 1099 3872 oriuntur.
