2776 4724
1097 285 1253 358 xi.=

160 459 325 560 scriptum
344 462 533 559 »exemplar
556 459 713 558 nuspiam
740 476 898 532 notatum
923 457 1049 556 reperi,
1073 483 1138 535 nec

159 583 303 681 Dialogi
319 582 365 654 de
380 582 599 670 Oratoribus,
619 599 740 677 praeter
758 581 1013 668 Farnefianum,
1032 604 1140 678 equo

159 703 299 800 Lipsius
324 728 406 775 euru
422 701 595 775 correxit:
624 701 685 799 qui
713 701 761 773 ita
789 726 900 797 pauca
919 697 1042 796 scripta
1069 698 1141 799 ejus
1211 713 1214 717 '

160 823 240 897 libri
267 823 477 920 exemplaria
493 823 560 896 effe
587 822 685 910 dicit,
715 821 760 894 ad
784 841 888 917 caput
917 846 957 917 19
985 818 1076 909 libri,
1101 839 1141 894 ut

160 944 222 1018 vix
238 946 312 1017 duo
327 964 386 1017 aut
401 945 467 1016 tria
484 944 518 1015 in
535 943 631 1015 omni
648 945 790 1039 Europa
806 943 874 1014 esse
892 959 1000 1036 putet.
1033 943 1142 1018 Nunc

159 1065 319 1140 universe
347 1063 479 1161 aliquid
506 1064 551 1136 de
574 1062 767 1136 Codicibus
792 1060 921 1159 scriptis
943 1061 1061 1166 Tuciti
1086 1064 1141 1138 di·

159 1185 312 1260 cendum
336 1186 484 1260 videtur.

211 1313 269 1379 Ac
294 1306 446 1403 primum
474 1304 551 1378 libri
578 1302 694 1377 Taciti
722 1329 793 1375 non
817 1305 942 1378 eodem
969 1306 1077 1379 modo
1102 1306 1140 1381 in

174 1428 292 1499 codd.
304 1424 543 1499 inscribuntur.
592 1406 741 1496 Allonem
757 1424 813 1497 vel
832 1426 994 1496 Asiionum
1011 1429 1143 1499 dinina-
1271 1443 1275 1451 '

164 1549 242 1618 lium
260 1547 406 1640 Historiae
423 1546 566 1643 Augustae
580 1548 672 1617 libros
701 1545 907 1643 plerumque
924 1547 1054 1635 vocari,
1088 1547 1141 1619 in·
1201 1596 1204 1619 r

165 1666 336 1764 telligitur
362 1667 484 1763 partim
505 1691 524 1740 e
547 1665 653 1739 ritulis
676 1664 850 1738 Codicum
878 1664 970 1761 apud
996 1668 1141 1740 Monte·

165 1785 352 1860 falconium
380 1786 488 1884 (adde
505 1787 665 1884 Lipsrum
688 1788 733 1859 ad
761 1786 901 1874 Anni,
925 1785 975 1879 1.)
1000 1790 1033 1860 u
1061 1789 1142 1863 M&

139 1906 282 1980 ·Guesf.
310 1908 436 2006 partim
464 1908 672 1981 e'veteribus
695 1906 907 1980 editionibus
931 1907 990 1979 Fr.
1013 1910 1143 1984 Puteo.-

162 2028 246 2118 lani‚
273 2029 450 2120 Frobenii,
479 2056 510 2102 a.
541 2052 630 2126 1519
649 2049 777 2101 curata.
827 2026 894 2099 Sed
923 2051 993 2100 non
1021 2052 1144 2105 omnes

163 2149 268 2223 libros
285 2149 333 2222 ita
348 2150 516 2239 habuisse,
538 2149 714 2222 diversitas
730 2147 907 2222 edentium
923 2139 1049 2247 arguit.
1102 2155 1143 2226 In

160 2269 316 2344 editione
334 2269 490 2370 principe
514 2260 572 2366 Jo.
591 2269 752 2367 Spirensis
780 2271 875 2342 nulla
903 2268 952 2342 est
968 2268 1144 2368 inscriptio
1173 2297 1174 2300 ’

157 2380 222 2463 ἀοι
237 2388 444 2489 subscriptio
457 2391 639 2478 librorum,
653 2390 714 2463 nisr
736 2388 771 2462 in
789 2388 987 2464 Germania.
1037 2394 1143 2466 Rero·
1236 2479 1240 2483 q
1382 2393 1383 2399 ’

161 2512 263 2585 aldus
294 2510 456 2608 inscripsit
486 2511 599 2582 Libros
628 2511 836 2605 Historiarum
864 2511 904 2582 ab
930 2512 1041 2606 exceffu
1062 2514 1160 2614 “suf

160 2632 265 2728 gusti:
290 2657 334 2705 an
361 2631 488 2705 elibro
505 2631 565 2704 illo
588 2630 941 2722 Corbeio-Mediceo‚
972 2653 1042 2705 non
1068 2630 1144 2728 posae

155 2750 239 2831 ,sum
266 2751 396 2843 dicere,
429 2777 510 2825 cum
529 2751 753 2825 nibildiserte
769 2771 929 2825 notatum
946 2750 1143 2846 repererim.

167 2872 259 2945 Illud
286 2872 390 2945 video
418 2898 438 2945 a
466 2876 504 2969 J.
530 2872 712 2945 Gronovio
742 2871 933 2970 proditum,
967 2868 1003 2940 in
1032 2869 1145 2967 capite

166 2992 216 3065 L.
235 2991 297 3063 111.
314 2991 425 3084 inibo
440 2992 572 3066 Codice
588 2992 750 3090 scriptum
768 2992 861 3064 effe:
888 2988 1006 3086 Incipit
1020 2980 1062 3061 Lss
1078 2985 1145 3064 III.

164 3114 207 3183 ab
234 3110 348 3203 exceffu
374 3109 516 3207 Augusti.
568 3115 756 3188 Rhenanus
788 3111 926 3185 Annales
954 3091 1141 3208 inscripsit}
1205 3110 1206 3113 '

166 3230 264 3329 quod
283 3229 478 3304 co'nstanter
495 3258 615 3307 omnes
638 3233 746 3308 secuti
764 3233 840 3308 sunt
864 3232 973 3331 usque
993 3232 1038 3304 ad
1055 3225 1146 3330 Lipss

167 3355 279 3437 srum3
307 3351 368 3450 qui
387 3370 561 3450 receptam
588 3354 695 3439 hodie
719 3353 891 3426 rationem
915 3353 1071 3426 invexit:
1101 3354 1147 3427 de

163 3497 236 3570 qua
263 3473 334 3569 ipse
361 3472 437 3546 satis
462 3472 565 3546 dixit.
615 3476 694 3547 Nec
724 3473 759 3548 in
786 3472 1002 3571 prenomine
1029 3474 1146 3549 Taciti

164 3591 391 3666 consentiunt.
436 3596 476 3689 J.
494 3594 696 3667 Gronovius
724 3592 926 3667 eMediceo
951 3592 1081 3691 profert
1100 3595 1143 3667 P.

124 3747 126 3751 ·
165 3717 200 3792 ἃ
217 3714 301 3791 idei
317 3714 478 3791 tribuitur
494 3712 620 3789 inedd.
642 3735 725 3792 vett.
740 3715 821 3790 inde
838 3741 858 3790 a
874 3716 1059 3808 Beroaldo‚
1083 3714 1145 3817 qui
