2834 4732
280 332 347 383 ιη
494 293 1084 379 C.C0nunr.11TAcrrt

274 485 319 556 trl
347 480 479 579 origine
502 482 714 571 veneranda,
734 482 856 581 relegit
882 485 1014 571 Afiam,
1039 482 1256 583 adpellitque

272 603 495 698 Colophona,
521 623 558 674 ut
582 601 690 674 Clarii
716 602 894 701 Apollinis
928 603 1068 676 oraculo
1092 624 1254 680 uteretur.

270 723 355 794 Non
372 720 502 795 semina
517 722 603 814 illic,
629 743 668 796 ut
697 725 792 819 apud
820 725 992 821 Delphos,
1023 723 1081 797 sed
1109 726 1209 798 certis
1233 751 1254 799 e

269 838 412 914 familiis
441 847 473 915 &
504 840 613 916 ferme
631 844 759 917 Mileto
784 844 914 918 accitus
926 844 1097 936 sacerdos,
1129 872 1251 918 nume·

167 1030 168 1033 ,
270 987 350 1053 rum
379 963 488 1037 modo
514 960 784 1038 consultantium
797 970 843 1039 -&
868 966 1013 1039 nomina
1024 961 1145 1038 audit:
1173 986 1252 1039 tum

270 1083 308 1156 in
325 1082 467 1181 specum
498 1087 687 1183 degressus,
718 1086 838 1159 hausti
862 1084 968 1159 sontis
1001 1086 1116 1161 arcani
1146 1089 1251 1183 aquh,
1336 1078 1339 1083 ⁵

270 1204 410 1303 ignarus
443 1208 648 1305 plerumque
676 1195 850 1281 literarum
878 1213 912 1281 &
936 1207 1145 1300 carminum,
1181 1208 1253 1281 edit

270 1324 426 1424 responsa
449 1330 616 1418 versibus,
654 1328 852 1427 compositis
880 1329 981 1426 super
1026 1332 1128 1403 rebus
1167 1356 1253 1428 quas

271 1448 350 1546 quis
381 1470 498 1522 mente
532 1448 722 1546 concepit:
755 1454 788 1522 ὅτ
819 1447 1009 1540 serebatur,
1040 1449 1254 1523 Germanico
1360 1469 1363 1481 ·

271 1596 334 1668 per
359 1573 540 1670 ambages,
569 1589 608 1644 ut
622 1595 699 1644 mos
712 1570 872 1662 oraculis,
904 1579 1125 1644 “maturum
1150 1569 1250 1643 exiti·

271 1697 300 1732 “
317 1693 405 1763 um”
435 1677 602 1765 cecinisse.
1314 1764 1316 1767 ,

237 1807 239 1820 '
319 1812 400 1883 LV.
431 1816 491 1883 Aa
509 1813 580 1884 Cu.
595 1798 711 1904 P1so,
739 1840 812 1912 quo
830 1814 1070 1911 properantius
1085 1812 1253 1886 destinata

108 1914 111 1918 i
157 2022 158 2025 Ἴ
268 1928 453 2025 inciperet,
493 1930 672 2004 civitatem
711 1933 978 2008 Atheniensium
1012 1934 1155 2008 turbido
1200 1933 1253 2005 in·

269 2050 363 2122 cessu
391 2049 593 2122 exterritam
617 2049 774 2123 oratione
801 2050 889 2123 saeval
906 2051 1075 2148 increpat,
1106 2052 1252 2147 oblique

268 2167 520 2243 Germanicum
549 2169 798 2268 perstringens,
825 2177 852 2212 “
868 2169 966 2267 quod
994 2190 1118 2243 contra
1144 2170 1254 2243 decus

270 2290 475 2366 “Romani
490 2289 642 2364 nominis
667 2318 738 2364 non
762 2288 988 2364 Athenienses
1013 2310 1066 2363 tot
1092 2289 1253 2364 cladibus

271 2418 299 2455 “
317 2411 516 2503 exstinelos,
545 2409 604 2484 sed
630 2411 820 2487 colluviem
852 2413 950 2485 illam
962 2398 1157 2485 ‘nationum
1191 2406 1251 2485 co·

271 2539 299 2576 “
317 2533 438 2606 mitate
454 2532 562 2607 nimia
578 2534 751 2607 coluisset:
780 2534 846 2606 hos
863 2533 958 2608 enim
974 2535 1041 2606 esse
1058 2532 1250 2607 Mithrida-

271 2654 359 2728 “tis
384 2655 550 2728 adversits
578 2655 725 2746 Sullam,
752 2653 901 2728 Antonii
934 2655 1100 2728 adversus
1125 2653 1253 2728 divum

270 2766 520 2877 “Augustum
548 2776 656 2850 socios
673 2778 709 2848 :''
749 2775 854 2850 etiam
894 2796 1012 2849 vetera
1039 2774 1251 2874 objeslabat,

270 2904 300 2940 “
319 2925 397 2995 quae
430 2899 466 2971 in
496 2882 713 2975 Macedones
751 2895 976 2995 improspere,
1010 2896 1183 2971 violenter
1216 2898 1253 2971 in

271 3025 301 3061 “
318 3014 396 3092 suos
418 3018 573 3104 fecissent
587 3020 623 3091 :’'
664 3017 813 3092 offensus
838 3018 917 3092 urbi
945 3018 1086 3117 propri&
1109 3043 1252 3117 quoque

268 3138 341 3225 irt;
377 3138 460 3238 quia
494 3139 739 3237 Theophilum
776 3141 966 3238 quemdam
1000 3143 1096 3213 Areo
1114 3137 1250 3236 judicio

269 3259 341 3334 salsr
363 3262 584 3350 damnatum,
610 3261 774 3357 precibus
796 3260 863 3334 suis
901 3288 974 3334 non
1006 3261 1249 3335 concederent.

270 3379 367 3452 Exin
378 3380 602 3480 navigatione
622 3381 725 3454 celeri
743 3407 803 3478 per
816 3383 1001 3478 Cycladas,
1030 3387 1062 3455 &
1082 3408 1248 3479 compen-

268 3497 328 3571 dia
345 3501 459 3591 maris,
491 3501 691 3600 adsequitur
709 3503 961 3577 Germanicum
986 3504 1080 3600 apud
1103 3499 1248 3573 insulam

241 3620 456 3711 '.Rh0dum,
483 3623 577 3696 haud
613 3621 767 3698 nescium
806 3624 936 3723 quibus
969 3619 1248 3696 insedationibus

270 3741 396 3842 petitus
413 3740 526 3816 soret:
555 3741 614 3819 sed
640 3749 734 3821 tanta
756 3733 1019 3820 mansuetudine
1035 3741 1176 3840 agebat,
1207 3762 1248 3814 ut
