2760 4718
317 363 624 437 nsaiwan
652 356 928 441 larale'
1048 389 1117 464 ²53

148 557 282 636 perent.
330 539 439 638 Igitur
467 542 614 615 Latiaris
629 539 749 638 ,jacere
781 538 939 612 fortuitos
968 538 1120 635 primum

129 659 346 750 sermones:
394 687 480 734 mox
514 662 651 734 laudare
682 660 923 748 constantiam,
973 666 1000 701 “
1023 658 1121 755 quiid

149 787 176 822 “
195 806 279 868 non,
309 801 347 851 ut
377 781 494 870 ceteri,
519 781 672 853 florentis
689 782 818 853 dombs
836 780 982 869 amicus,
1000 778 1119 851 adssic-
1176 817 1178 829 ·

149 906 177 943 “
195 921 268 972 tam
289 898 482 973 deseruisset
499 903 535 973 :''
569 902 667 973 fimul
685 903 817 973 honora
832 901 876 972 de
895 899 1122 989 Germanica,

147 1016 383 1118 Agrippinam
413 1016 586 1109 miserans,
620 1020 813 1094 differebar.
866 1023 912 1097 Et
940 1020 1123 1118 postquam

148 1141 307 1230 Sabinus,
331 1160 369 1212 ut
396 1139 473 1211 sunt
498 1142 619 1213 molles
645 1141 680 1213 in
705 1140 903 1214 'calamitate
922 1141 1124 1213 mortalium

149 1260 271 1350 animi,
290 1260 410 1333 effudit
427 1259 597 1349 lacrimas,
621 1260 739 1359 junxit
761 1261 918 1360 questum
944 1260 1125 1333 audentius

142 1377 218 1477 jam
248 1402 366 1453 onerat
389 1379 563 1479 Sejanum,
597 1379 776 1472 saevitiam,
810 1381 1020 1479 superbiam,
1051 1381 1125 1477 spes
1152 1464 1155 1470 ,

151 1499 245 1598 ejus:
273 1527 317 1573 ne
347 1501 383 1575 in
407 1502 592 1575 Tiberium
622 1502 767 1599 quidem
790 1502 952 1576 convicio
968 1502 1125 1575 abstinet.

151 1621 250 1720 lique
267 1620 453 1711 sermones,
482 1645 660 1719 tamquam
679 1623 785 1697 vetita
802 1622 1021 1728 miscuissent,
1052 1622 1127 1719 spe-

151 1741 241 1816 ciem
258 1745 359 1815 arsiae
378 1743 538 1816 amicitiae
555 1741 675 1816 facere.
726 1749 783 1817 Ac
807 1742 883 1839 jam
912 1746 1002 1816 ultro
1028 1744 1126 1816 Sabi·

151 1847 216 1935 nus
229 1888 382 1960 quaerere
394 1863 587 1953 Latiarem,
617 1862 786 1936 ventitare
802 1866 965 1955 domum,
991 1865 1127 1937 dolores

152 1981 244 2072 suos,
272 1988 364 2079 quasi
392 1982 436 2056 ad
455 1984 667 2074 fidissimum,
693 1983 837 2057 deferre.
1161 2082 1166 2089 ⁴

201 2104 346 2177 LXIX..
357 2104 629 2180 Consuaraur
643 2131 731 2202 quos
750 2107 957 2199 memoravi,
973 2132 1129 2205 quonam

151 2225 259 2297 modo
277 2250 317 2297 ea
333 2225 488 2322 plurium
505 2225 627 2298 auditu
644 2225 903 2322 acciperentur:
928 2253 1010 2331 nam
1036 2229 1128 2316 locu,

150 2344 187 2418 in
204 2371 310 2442 quern
332 2345 504 2434 coibatur,
539 2345 706 2419 servanda
733 2344 1065 2433 solitudinisfacies3
1094 2353 1128 2419 δε

153 2470 175 2538 sr
196 2490 288 2561 pone
305 2464 394 2537 fores
412 2465 619 2554 adfisterent,
645 2486 755 2539 metus
774 2465 881 2554 visils,
904 2464 1045 2556 sonitlrs,
1071 2486 1131 2538 aut

152 2583 242 2688 fort&
271 2604 354 2656 ortae
373 2581 574 2680 suspicionis
590 2607 673 2659 erat.
722 2588 876 2659 Tefiium
898 2587 987 2659 inter
1011 2591 1045 2659 δι
1080 2587 1130 2659 la-

155 2703 307 2801 quearia,
337 2724 402 2778 tres
430 2704 612 2794 senatores,
630 2707 723 2780 haud
742 2707 857 2780 minirs
874 2706 968 2803 turpi
986 2708 1130 2795 latebrfi,

156 2825 264 2923 quam
290 2824 490 2899 detestands
511 2824 645 2915 fraude,
680 2825 747 2900 sese
775 2826 1006 2914 abstrudunt}
1039 2825 1132 2899 sora·

155 2944 307 3018 minibus
333 2950 367 3018 &
397 2946 493 3018 rimis
515 2971 633 3019 aurem
651 2951 854 3020 admovent.
904 2949 1038 3020 Interea
1059 2950 1132 3019 La·⁴

154 3064 249 3136 tiaris
278 3085 454 3161 repertum
472 3066 508 3138 in
526 3067 670 3164 publico
686 3067 868 3155 Sabinum,
892 3071 986 3142 velut
997 3098 1001 3111 ¹
1014 3068 1133 3141 recens

156 3183 300 3282 cognita
317 3206 527 3274 narraturus,
562 3189 711 3260 domum
730 3193 762 3263 &
781 3187 818 3259 in
836 3186 1040 3261 cubiculum
1064 3209 1134 3260 tra·

156 3304 231 3378 hit:
262 3306 550 3405 praeteritaque&
569 3308 740 3398 instantia,
759 3335 911 3405 quorum
924 3307 1061 3394 affatim,
1073 3334 1133 3400 co-

157 3424 228 3524 pia,
254 3408 305 3498 ac¹
323 3451 434 3499 novos
451 3448 594 3501 terrores
612 3429 776 3521 cumulat.
830 3428 966 3501 Eadem
989 3426 1064 3519 illc,
1096 3436 1130 3504 δι

155 3545 309 3631 diutibs3
332 3547 464 3643 quanti)
492 3546 623 3637 maesta,
648 3548 708 3621 ubi
725 3547 829 3622 semel
848 3536 1046 3646 prompsere,
1064 3550 1134 3623 dif-

157 3665 283 3739 ficilius
300 3665 497 3739 reticentur.
547 3669 734 3764 Properata
751 3668 832 3742 inde
849 3667 1032 3759 accusatio,
1052 3671 1134 3743 mis·

158 3784 265 3883 lisque
282 3787 327 3861 ad
344 3785 512 3862 Caesarem
530 3785 647 3880 literis,
677 3789 835 3864 ordinem
855 3788 998 3882 fraudis,
1016 3789 1133 3865 suum·
