2512 4680
82 365 152 439 292
319 341 888 415 emanaturum

85 519 113 556 “
134 515 332 627 constanter
348 520 511 609 tolerent,
530 518 567 593 hi
584 516 740 617 prospera
755 514 947 592 inconsulte
964 534 1071 589 utan-

87 642 115 678 “
133 639 227 709 tur.’'
253 629 418 713 Ceterbni
445 639 603 737 plurimis
628 638 820 712 mortalium
842 664 915 710 non
938 637 1072 710 eximi·
1169 642 1172 655 '

86 774 156 847 tur,
186 759 273 855 quin
304 760 466 858 “primo
496 758 660 860 cujusque
686 781 760 834 ortu
790 777 937 833 ventura
959 757 1073 831 desti·

88 885 116 921 “
135 900 283 954 nentur:
318 879 376 954 sed
412 883 573 980 quadam
596 879 687 955 secus
724 880 836 978 quam
866 879 960 953 dieta
1001 883 1074 953 sint

89 1006 117 1042 ‘⁴
134 1001 270 1091 cadere,
289 998 434 1102 fallaciis
452 1002 571 1102 ignara
587 1001 795 1075 dicentium:
820 1000 870 1073 ita
890 999 1073 1098 corrumpi
1100 1081 1102 1088 s

88 1127 116 1164 “
135 1122 244 1195 Iidem
267 1121 361 1212 artis,
386 1104 483 1220 cujus
509 1125 600 1196 clara
616 1123 843 1210 documenta,
867 1123 901 1192 δι
924 1120 1075 1236 antiqua

36 1232 41 1249 ’
89 1247 117 1285 “
135 1261 218 1315 aetas
237 1247 271 1316 &
290 1243 405 1317 nostra
421 1244 569 1318 tulerit.”
619 1243 762 1342 Qippe
788 1268 808 1313 a
825 1241 901 1321 filio
918 1239 1076 1340 ejusdem

88 1361 278 1461 Thrasylli,
305 1365 509 1463 praedidum
527 1364 678 1437 Neronis
696 1361 901 1460 imperium,
928 1362 964 1436 in
982 1381 1075 1437 tem·
1130 1378 1133 1382 ⁴

90 1509 178 1583 pore
195 1486 459 1578 memorabitur,
484 1512 528 1559 ne
550 1511 643 1559 nunc
668 1484 807 1581 incepto
832 1483 974 1582 longibs
998 1484 1075 1557 abi-

89 1604 186 1680 erim.
362 1601 364 1605 ¹

139 1729 276 1801 XXIII.
302 1731 443 1802 Irsurnr
471 1726 682 1816 consulibus,
715 1716 830 1799 Asinii
854 1727 950 1800 Galli
978 1733 1087 1800 mors'

89 1848 266 1945 vulgatur,
296 1873 402 1944 quem
434 1847 582 1945 egestate
614 1846 685 1921 cibi
719 1868 950 1945 peremptum
977 1847 1076 1919 ha‘ud

87 1967 236 2040 dubium
251 1996 262 2051 ς
290 1966 421 2062 sponte,
454 1968 510 2039 vel
536 1968 741 2055 neceffitate,
773 1966 948 2041 incertum
966 1969 1076 2041 habe·

87 2089 199 2159 batur.
250 2081 500 2177 Consultusqne
516 2081 627 2154 Caesar
651 2091 680 2125 “
691 2108 735 2154 an
754 2083 890 2179 sepeliri
909 2091 1077 2177 fineret,'’

89 2231 161 2280 non
177 2201 312 2277 enrbuit
329 2188 538 2299 permittere,
553 2202 717 2295 ultroque
733 2199 893 2274 incusare
919 2212 947 2246 “
960 2207 1074 2296 casus,

96 2333 126 2370 “
144 2325 206 2424 qui
223 2351 321 2398 reum
337 2321 547 2396 abstulissent
572 2340 759 2418 antequam
782 2345 904 2394 coram
920 2324 1072 2424 convin-

92 2454 121 2492 “
141 2466 272 2521 ceretur
287 2447 321 2519 :''
350 2442 478 2518 scilicet
496 2441 612 2515 medio
629 2440 779 2513 triennio
795 2440 956 2518 defuerat
982 2465 1075 2520 tem-

91 2595 157 2667 pus
174 2565 342 2641 subeundi
363 2563 538 2664 judicium
555 2560 725 2635 consulari
741 2559 827 2652 seni,
846 2584 901 2638 tot
917 2566 1075 2642 consula-

91 2690 184 2762 rium
220 2686 367 2785 patenti.
416 2682 546 2758 Drusus
564 2682 692 2768 deinde
708 2682 956 2782 exstinguitur,
993 2690 1077 2766 cdm

91 2807 124 2881 se
142 2807 342 2881 miserandis
357 2803 544 2894 alimentis,
559 2805 759 2878 mandendo
777 2805 925 2880 ocubili
938 2829 1076 2883 tomen-

46 2983 61 2998 .
91 2947 144 3016 to,
175 2953 309 3001 nonum
337 2929 381 3000 ad
412 2926 508 2998 diem
524 2924 732 2999 detinuisset.
782 2927 981 3002 Tradidere
997 2929 1075 3027 qui-

91 3044 465 3144 dam,'praescriptom
500 3046 597 3120 fuisse
631 3046 810 3138 Macroni,
847 3052 871 3122 st
906 3075 1004 3123 arma
1031 3053 1077 3125 ab
1155 3136 1156 3141 ,

91 3164 215 3262 Sejano
242 3188 465 3256 tentarentur,
495 3168 691 3240 extractum
721 3167 880 3242 custodis
903 3168 1073 3267 juvenem

93 3286 196 3377 (nam
226 3286 262 3359 in
291 3287 418 3394 palatio
433 3286 658 3381 attinebatur)
687 3287 816 3362 ducem
846 3293 983 3389 populo
1011 3289 1076 3364 im·

90 3425 247 3496 ponere:
284 3434 369 3481 mox
399 3406 481 3505 quia
508 3432 626 3480 rumor
654 3405 855 3502 incedebat,
889 3421 918 3458 “
934 3412 1020 3504 fore,
1039 3431 1078 3485 ut

91 3523 119 3560 ‘⁴
139 3523 243 3592 nurui
260 3552 300 3598 ac
319 3526 435 3623 nepoti
454 3526 695 3600 conciliaretur
714 3529 870 3624 Caesar,”
896 3533 1075 3620 saevitiam,

34 3701 35 3712 ,
91 3634 201 3734 quarn
227 3633 466 3732 paenitentiam
492 3646 624 3721 maluit.
702 3679 725 3712 a
