2512 4696
423 351 969 432 AttunrrunrfLrndll.
1084 362 1195 458 .165

202 529 360 599 “annos
383 518 420 593 in
438 522 589 596 modum
613 520 745 596 discidii
770 523 1022 598 obliterentur?
1052 527 1108 603 Sic
1125 533 1192 606 ob·

201 649 230 686 “
247 645 344 718 viam
354 642 442 716 irent
454 643 509 736 iis,
534 670 612 742 quae
623 642 704 718 alibi
719 665 955 740 peccarentur,
983 666 1021 718 ut
1039 650 1189 747 flagitio.

198 771 227 806 “
243 790 320 838 rum
336 764 447 839 Urbis
461 764 733 838 meminissent.’'
761 765 912 839 Addidit
930 792 1042 863 pauca
1057 769 1189 847 Drusus

194 885 239 958 de
255 885 481 960 matrimonio
509 883 596 959 suo:
638 892 665 927 “
685 913 766 959 nam
782 886 1004 984 Principibus
1026 891 1188 969 adeunda

196 1012 224 1049 “
242 1006 366 1107 saepius
379 1008 575 1108 longinqua
587 1007 735 1105 imperii.
781 1009 955 1106 Qrotiens
967 1009 1092 1083 divum
1108 1019 1184 1087 Au-

196 1134 225 1171 “
243 1130 384 1230 gustum
397 1131 432 1204 in
444 1130 678 1205 Occidentem
695 1149 801 1227 atque
810 1129 990 1203 Orientem
1004 1129 1182 1227 meavisse,

74 1292 81 1309 ·
190 1255 225 1319 ,“
243 1251 370 1326 comite
382 1250 511 1325 Livia?
536 1250 569 1323 se
582 1276 724 1350 quoque
734 1250 770 1363 in
783 1249 963 1346 Illyricum
975 1251 1181 1347 profectum3

197 1375 226 1417 “
245 1375 294 1462 δι,
318 1372 403 1446 srita
414 1373 605 1462 conducat,
637 1372 719 1444 alias
732 1372 774 1443 ad
788 1392 908 1470 gentes
921 1371 1067 1465 iturum,
1087 1378 1182 1451 haud

198 1489 381 1590 “semper
409 1519 513 1591 aequo
537 1491 669 1583 animo,
700 1495 721 1565 s1
740 1495 785 1565 ab
800 1488 911 1565 uriore
934 1494 1115 1586 carissimas,
1147 1503 1181 1572 ὅτ

200 1617 299 1686 “tot
320 1613 566 1688 communium
593 1613 783 1686 liberorum
810 1634 967 1711 parente,
998 1615 1181 1692 divellere·

200 1738 229 1777 “
248 1739 340 1811 tur.'’
390 1736 446 1810 Sic
460 1720 609 1810 Caecinae
625 1732 793 1807 sententia
810 1732 911 1807 elusa.

246 1859 404 1932 XXXV.
424 1860 481 1930 Er
502 1854 674 1945 rnoxrnrr
694 1853 828 1929 senates
845 1855 917 1946 die,
940 1857 1102 1934 Tiberius
1120 1887 1181 1960 per

178 1974 310 2063 ,literas
327 1976 508 2077 castigatis
531 1976 673 2074 oblique
690 1977 862 2075 patribus,
891 1985 919 2021 “
939 1978 1036 2077 qudd
1056 1985 1181 2057 cunda

197 2104 225 2140 “
242 2126 403 2175 curarum
416 2100 462 2172 ad
474 2097 676 2196 Principem
687 2098 904 2198 rejicerent,”
930 2103 988 2173 M.
998 2103 1179 2201 Lepidum

138 2300 141 2307 ,
193 2220 391 2318 &Junium
408 2218 558 2296 Blaesum
575 2220 797 2294 nominavit:
834 2246 879 2294 ex
896 2223 975 2318 quis
994 2226 1179 2319 proconsul

193 2341 322 2420 Africae
344 2346 530 2441 legeretur.
580 2343 678 2416 Tum
703 2340 821 2417 audita
843 2343 1031 2414 amborum
1056 2348 1176 2434 verba,

193 2459 354 2539 intentius
371 2460 559 2537 excusante
571 2460 604 2534 se
616 2463 769 2560 Lepido,
795 2464 877 2536 cum
901 2454 1179 2539 “valetudinem

195 2588 224 2624 “
242 2582 411 2680 corporis,
431 2581 744 2675 aetatemliberbm,
768 2565 926 2657 nubilem
955 2580 1089 2655 filiam”
1113 2588 1178 2658 ob·
1244 2628 1246 2631 ·

194 2705 376 2777 tenderet:
401 2703 721 2803 intelligereturque
737 2703 857 2793 etiam,
882 2703 980 2800 quod
993 2705 1122 2795 silebat,
1141 2735 1179 2780 a-

196 2826 389 2899 vunculum
415 2827 482 2898 esse
504 2822 616 2922 Sejani
636 2824 797 2917 Blaesum,
825 2844 930 2921 atque
954 2823 996 2896 εὸ
1020 2827 1178 2920 praevali-
1208 2921 1212 2931 Ι

144 3041 148 3045 1
196 2944 296 3018 dum.
346 2943 544 3042 Respondit
560 2945 684 3019 Blaesus
696 2945 808 3044 specie
822 2944 1020 3035 recusantis,
1046 2943 1178 3021 sedne-

196 3090 266 3162 que
282 3065 404 3139 easdem
421 3063 692 3159 adseveratione,
727 3072 760 3142 δι
782 3065 946 3143 consensu
962 3058 1178 3145 adulantium

195 3186 289 3258 haud
300 3184 398 3284 jutus
411 3186 471 3260 est.

244 3308 420 3382 XXXVI.
457 3310 566 3382 Exru
597 3332 817 3409 promptum,
853 3312 951 3409 qnod
982 3311 1177 3387 multorum

194 3425 328 3501 intimis
353 3427 535 3525 questibus
554 3433 747 3527 tegebatur.
798 3432 986 3505 Incedebat
1004 3429 1099 3504 enim
1115 3434 1177 3508 de·

193 3549 335 3623 terrimo
350 3548 478 3646 cuique
488 3549 791 3648 licentia,impune
805 3553 944 3648 probra,
960 3556 993 3625 δι
1008 3552 1178 3628 invidiam

195 3668 232 3744 in
255 3674 369 3746 bonos
392 3668 583 3759 excitandi,
610 3675 745 3768 arreptb
766 3667 919 3765 imagine
943 3671 1109 3745 Caesaris:
1139 3675 1179 3746 li-

193 3791 354 3891 bertique
370 3791 476 3887 etiam
493 3817 531 3865 ac
548 3786 651 3879 servi,
673 3813 823 3887 patrono
837 3790 893 3860 vel
905 3791 1068 3884 domino,
1096 3796 1178 3867 cirin

194 3935 313 4002 voces,
343 3912 426 3996 cum
439 3909 796 4003 manusintentarent,
820 3910 911 3985 ultro
924 3916 1182 3995 metuebantur.
1239 3903 1244 3910 ’
