2796 4724
48 319 49 327 .
164 318 177 330 .
285 363 353 414 202
548 337 590 409 C.
616 339 861 413 Connarrr
892 336 1073 413 Tncrrr

282 517 406 592 eodem
432 513 501 588 loci
519 514 710 612 potentiam
728 519 762 587 δε
785 513 1007 588 concordiam
1024 515 1110 610 effe)
1135 543 1256 616 aequut

281 635 565 724 adolescentibus,
592 656 652 708 aut
670 636 760 708 certe
778 660 850 708 non
875 635 1035 709 adversus
1052 637 1255 713 habebatur.

283 756 377 830 Exin
411 774 512 829 vetus
540 760 574 828 δι
602 755 691 853 saepe
717 758 914 830 simulatum
948 754 1184 854 proficiscendi
1216 759 1254 832 in
1309 739 1313 747 ¹

280 875 474 976 provincias
490 876 670 950 confilium
688 875 847 949 refertur:
872 884 904 919 “⁶
918 876 1254 952 multitudinemve·

277 1005 306 1042 “
324 998 547 1072 teranorum'’
564 1000 777 1092 praetexebat
793 999 1001 1096 Imperator,
1016 1003 1049 1071 ὅτ
1068 1006 1096 1043 “
1110 1002 1251 1074 delesti·

281 1126 310 1162 ‘⁴
329 1123 392 1194 bus
424 1116 635 1216 supplendos
665 1116 857 1191 exercitus:
902 1143 984 1190 nam
1018 1119 1253 1194 voluntaium

281 1239 476 1313 “militem
506 1237 640 1324 deesse3
668 1264 709 1312 ac
738 1241 760 1312 fi
792 1235 1003 1336 suppeditet,
1031 1264 1103 1313 non
1133 1242 1253 1314 :adem

280 1360 459 1434 “virtute
491 1383 531 1432 ac
565 1344 733 1432 modestis
765 1384 892 1458 agere:
935 1359 1019 1458 quia
1052 1363 1256 1459 plerumque

281 1483 448 1580 “inopes
477 1506 517 1553 ac
544 1479 624 1578 vagi
649 1478 772 1577 sponte
788 1480 947 1555 militiam
964 1481 1099 1554 sumant
1115 1483 1152 1556 :'’
1178 1508 1255 1580 per-

280 1603 480 1701 censuitque
508 1605 633 1674 cursrm
662 1626 847 1675 numerum
878 1602 1076 1701 legionum,
1115 1607 1148 1676 δι
1172 1627 1256 1701 quas

279 1725 472 1823 provincias
500 1740 703 1795 tutarentur.
753 1724 861 1819 Qrod
880 1722 966 1796 mihi
993 1748 1135 1821 quoque
1160 1720 1255 1798 exse·

278 1845 460 1943 quendum
485 1866 572 1930 reor,
611 1866 690 1936 quae
717 1862 795 1913 tum
829 1846 993 1917 Romana
1021 1844 1122 1941 copia
1142 1843 1177 1918 in
1203 1867 1256 1915 ar·

278 1961 359 2049 mis,
387 1960 447 2055 qui
465 1958 545 2032 socii
569 1983 680 2054 reges,
707 1959 839 2055 quanto
857 1968 895 2034 s1t
913 1963 1094 2060 angustius
1111 1962 1255 2062 imperi-

276 2098 399 2150 tatum.

324 2199 368 2269 V.
386 2199 565 2270 lrnurnu
591 2215 742 2294 utroque
769 2196 854 2269 mari
879 2198 958 2269 duae
985 2198 1117 2287 classes,
1144 2198 1255 2273 Mise-

278 2344 365 2392 num
387 2317 483 2415 apud
512 2322 545 2391 δι
577 2319 802 2407 Ravennam,
829 2306 1106 2415 proximumque
1129 2319 1255 2393 Galliae

278 2442 360 2515 litus
391 2438 539 2512 rostratae
577 2463 681 2512 naves
714 2440 956 2536 praefidebant,
992 2464 1078 2537 quas
1109 2438 1257 2516 Arriaca

277 2560 422 2649 vidoril
446 2578 564 2657 captas
581 2558 761 2658 Augbstus
779 2559 816 2632 in
833 2561 1007 2659 oppidum
1023 2557 1256 2658 Forojuliense

278 2680 428 2770 miserat,
455 2679 573 2756 valido
590 2706 671 2754 cum
690 2679 833 2778 remige.
882 2682 950 2755 Sed
968 2681 1185 2779 praecipuum
1199 2707 1256 2754 ro-

277 2808 344 2879 bur
360 2806 528 2878 Rhenum
540 2800 655 2901 juxta,
682 2827 874 2875 commune
900 2800 937 2874 in
956 2805 1151 2876 Germanos
1169 2804 1255 2876 Gal·

278 2925 397 3023 losque
412 2924 615 3014 subsidium,
641 2924 721 2997 oslo
745 2922 900 3022 legiones
916 2943 1022 2998 erant.
1073 2908 1255 3022 Hispania
1325 2936 1332 2943 “

276 3049 396 3121 recens*
423 3044 640 3142 perdomitae,
678 3043 788 3117 tribus
816 3044 1046 3118 habebantur.
1106 3047 1256 3119 Mauros

187 3164 189 3166 ’
277 3169 372 3263 Juba
388 3192 449 3240 rex
468 3184 660 3262 acceperat,
686 3156 822 3237 donum
840 3163 962 3262 populi
982 3165 1149 3247 Romani.
1185 3164 1253 3236 Ce-

277 3312 348 3363 tera
377 3288 520 3376 Asricae,
547 3308 608 3382 per
627 3285 712 3356 duas
735 3284 904 3382 legiones,
933 3284 1078 3384 parique
1107 3310 1256 3361 numero

277 3403 480 3505 AEgyptus:
508 3402 636 3478 dehinc
662 3403 761 3476 initio
787 3407 832 3502 ab
859 3404 954 3501 Syris
975 3405 1084 3504 usque
1108 3407 1153 3478 ad
1186 3408 1253 3477 slu-

276 3552 357 3601 men
387 3530 602 3625 Euphraten,
631 3544 801 3623 quantum
829 3524 963 3624 ingenti
991 3546 1160 3599 terrarum
1178 3521 1252 3593 srrru

174 3727 179 3738 ¹
275 3644 442 3732 ambitur,
469 3667 616 3742 quatuor
643 3645 839 3743 legionibus
868 3645 1016 3719 co'e‘rcita
1029 3674 1040 3731 3
1067 3637 1192 3716 accolis
1215 3641 1250 3712 1.

275 3771 372 3859 bero,
397 3764 624 3868 Albanoque,
653 3771 686 3838 sc
716 3765 788 3841 aliis
817 3764 969 3873 regibus,
996 3762 1056 3863 qui
1073 3755 1252 3871 magnitu-¹
