2760 4718
322 359 627 428 Annnnrun
656 357 765 426 Lru.
797 355 858 427 Vl.
1054 380 1123 454 3¹5

151 534 242 606 rium
269 529 395 605 Miseni
422 531 590 622 consedit,
619 533 654 606 in
683 533 778 620 villu,
804 531 862 604 cui
890 531 936 603 L.
952 530 1124 604 Lucullus

151 652 330 749 quondam
355 632 540 726 dominus:
565 645 649 725 'illic
666 678 749 726 eurn
765 649 1045 749 adpropinquare
1068 648 1123 723 su·

150 771 293 868 psemis,
329 772 388 845 tali
423 774 532 863 modo
566 791 798 870 compertum.
849 772 932 843 Erat
964 769 1122 847 medicus

149 910 220 964 arte
237 890 391 990 insignis,
426 893 569 965 nomine
584 891 773 980 Charicles,
801 916 872 963 non
899 889 1044 988 quidem
1070 916 1123 963 re-

149 1034 231 1108 gere
262 1011 478 1082 valetudines
505 1011 681 1105 Principis'
698 1009 828 1098 solitus,
858 1009 989 1082 confilii
1005 1030 1124 1084 tamen

148 1128 291 1224 copiam
309 1131 471 1224 praebere.
522 1131 555 1201 Is
581 1129 677 1200 velut
693 1129 828 1226 propria
844 1130 888 1201 ad
907 1130 1046 1229 negotia
1068 1128 1123 1203 di.

119 1243 128 1258 ⁸
149 1245 323 1346 grediens,
343 1253 377 1322 Sc
395 1275 456 1346 per
472 1247 622 1346 speciem
640 1247 744 1320 officii
769 1274 913 1321 manum
940 1251 1122 1346 complex-

147 1394 202 1456 us,
227 1366 365 1464 pulsum
382 1370 548 1442 venarum
565 1369 701 1467 attigit3
732 1394 844 1467 neque
869 1366 1011 1443 fefellit:
1041 1394 1123 1449 natu

146 1488 312 1563 Tiberius
338 1488 509 1562 incertum
547 1515 592 1562 an
624 1488 784 1579 offensus,
819 1491 986 1588 tantoque
1009 1490 1122 1588 magia

147 1609 234 1684 iram
254 1635 427 1707 premens,
450 1609 667 1684 “instaurari
683 1608 952 1706 cpulas’'jubet,
970 1608 1121 1684 discum,

147 1730 270 1828 bitque
287 1732 377 1804 ultra
391 1728 531 1803 solitum
546 1759 556 1816 ;
587 1733 680 1828 quasi
710 1730 833 1807 honori
861 1729 1018 1803 abeuntis
1034 1732 1120 1805 amis

138 1850 179 1924 ‘ci
196 1851 374 1924 tribueret,
404 1850 579 1924 Charicles
592 1872 708 1924 rumen
722 1858 748 1893 “
764 1849 832 1923 labi
853 1833 1026 1946 spiritum,
1055 1877 1120 1934 nec

148 1971 285 2043 “ultra
312 1970 461 2044 biduum
482 1972 712 2046 duraturum'’
740 1970 905 2045 Macroni
939 1971 1120 2052 firmavitz

126 2091 229 2180 Ninde
257 2094 381 2166 cunda
410 2092 592 2190 colloquiis
633 2092 722 2166 inter
762 2090 956 2188 praesentes,
991 2093 1121 2167 nuntiis

53 2260 54 2263 =
88 2248 92 2253 ·
145 2214 239 2312 apud
257 2214 389 2311 legatos
406 2218 440 2287 Sc
452 2213 632 2309 ‘exercitus
648 2211 902 2287 festinabantur.
922 2217 1120 2295 xv11.K.a1.

145 2332 290 2427 Aprilis,
320 2334 500 2405 interclusi
522 2332 651 2419 animia,
680 2333 827 2404 creditus
852 2333 901 2404 cst
929 2333 1118 2407 mortalitas

144 2469 218 2522 tem
242 2450 439 2546 explevisse.
491 2453 538 2526 Et
566 2451 680 2524 multo
710 2470 908 2547 gratantum
936 2450 1117 2558 concursu,

142 2571 188 2645 ad
205 2568 375 2668 capienda
399 2568 536 2666 imperii
566 2568 754 2665 primordia
776 2570 818 2642 C.
835 2566 946 2643 Caesar
961 2572 1118 2669 egredie-

144 2695 266 2764 batur:
306 2691 389 2764 curn
421 2688 562 2785 repente
591 2686 757 2779 adfertur,
779 2696 812 2775 f‘
827 2688 937 2764 redire
974 2690 1118 2766 Tiberio

143 2818 170 2860 “
189 2813 313 2884 v'ocern
334 2835 375 2882 ac
402 2807 506 2900 visus,
532 2807 722 2905 vocarique
749 2808 811 2906 qui
838 2810 1029 2887 recreandae
1056 2811 1117 2888 de„

143 2935 170 2979 “
189 2927 328 3002 seclioni
345 2928 466 3004 cibum
484 2926 694 3001 adferrent.''
743 2930 858 3003 Pavor
875 2929 956 3008 hinc
972 2929 1010 3005 in
1038 2957 1116 3005 otn-

51 3048 61 3063 “
141 3074 225 3136 ητις
254 3055 288 3124 ὅτ
304 3048 407 3124 ceteri
426 3051 544 3146 paffim
561 3045 727 3146 dispergi,
745 3046 779 3122 se
796 3047 940 3146 quisque
956 3052 1117 3126 maestum

139 3192 199 3244 aut
215 3169 368 3244 nescium
386 3171 550 3268 fingere
579 3165 689 3241 caesar
716 3168 753 3242 in
782 3169 956 3244 nlentium
971 3172 1075 3261 fixus,
1095 3199 1117 3250 a

137 3289 271 3371 sumnid
285 3289 357 3387 spe,
387 3290 568 3364 novilsnna
584 3287 814 3388 exspeslabat.
864 3292 990 3363 Macro
1009 3290 1111 3364 intre-

137 3409 255 3506 pidus,
283 3409 474 3506 “opprimi
491 3408 606 3483 senem
621 3408 749 3508 injedlu
770 3410 888 3482 multae
907 3409 1032 3484 vestis''
1049 3408 1109 3510 ju-

137 3531 212 3618 bet,
244 3512 486 3627 “discedique
502 3531 547 3603 ab
564 3529 720 3604 limine.''
770 3524 833 3604 Sic‘
850 3529 1011 3606 Tiberius
1032 3533 1113 3626 fini=

135 3649 200 3743 vit,
227 3651 353 3725 odavo
376 3653 410 3724 ἃ
427 3648 676 3751 septuagefirno
693 3650 799 3726 atatis
816 3677 918 3737 anno,
