2834 4732
176 378 179 382 .
263 360 312 431 94
478 328 1061 434 C.Cosuunr1TAc1r1

250 510 383 589 ¹Gallus
399 487 550 595 Asinius,
580 509 613 577 ὅ(
648 503 774 601 Papius
798 493 963 596 Mutilus,
988 510 1021 579 δε
1043 508 1089 577 L.
1113 516 1232 608 Apro.

261 627 336 700 nius
362 626 570 698 decrevdre:
608 651 756 723 quorum
773 626 989 699 austoritates
1005 628 1230 707 adulationes·

260 771 328 842 que
340 745 452 836 retuli,
468 767 505 817 ut
522 744 659 819 sciretur
675 766 772 818 vetus
788 745 824 835 id
839 745 875 817 in
889 748 1064 843 republical
1085 754 1230 826 malum.

235 869 363 942 Facta
388 872 421 940 &
444 868 489 938 de
502 866 759 941 Mathematicis
772 866 959 965 Magisque
982 869 1076 942 Italia}
1100 872 1229 966 pellen-

257 987 310 1061 dis
326 986 630 1061 senatusconsulta:
658 1014 807 1085 quorum
824 1015 843 1061 e
861 1014 1020 1079 numero,
1048 993 1093 1062 L.
1113 992 1228 1066 Pitua-

256 1109 333 1185 nius
358 1109 441 1181 saxo
466 1106 619 1205 dejeslus
641 1108 700 1181 est.
749 1111 791 1182 In
812 1112 852 1180 P.
879 1110 1052 1183 Martium
1075 1110 1229 1187 consules

256 1250 354 1303 extra
379 1250 514 1329 portam
539 1229 766 1326 Esquilinam,
794 1232 878 1303 cum
905 1232 1078 1305 classicum
1108 1258 1229 1307 canere

250 1347 430 1446 juffiffent,
455 1375 554 1423 more
571 1341 679 1449 prisco
697 1351 887 1422 advertere.

306 1474 479 1545 XXXIII.
504 1474 691 1545 Proximo
708 1468 841 1543 senatbs
857 1470 927 1561 die,
959 1473 1069 1545 multa
1095 1473 1130 1546 in
1152 1475 1230 1548 qu-

256 1618 321 1664 um
343 1590 492 1664 civitatis
515 1592 607 1664 dista
628 1591 874 1688 aQHaterio
887 1592 1065 1683 consulari,
1082 1596 1229 1669 octavio

259 1715 436 1786 Frontone
479 1716 624 1810 praeturas
669 1712 813 1785 fundo:
860 1713 1107 1810 decretumque
1140 1721 1167 1757 “
1186 1742 1230 1788 ne

167 1818 169 1827 ¹
258 1831 381 1905 “vasa
406 1859 491 1906 auro
518 1830 625 1910 solida
648 1831 880 1907 ministrandis
903 1832 987 1907 cibis
1009 1835 1130 1907 fierent
1145 1861 1229 1909 :ne

259 1952 407 2025 “vestis
431 1950 535 2024 serica
557 1930 645 2023 viros
674 1951 858 2024 soedaret.''
908 1956 1057 2031 Excessit
1083 1957 1226 2045 Fronto,

257 2098 299 2145 ac
316 2072 499 2174 postulavit
540 2077 566 2112 “
587 2072 736 2144 modum
759 2092 917 2168 argento,
942 2071 1152 2167 supellestili,
1177 2074 1227 2147 fa·

258 2201 285 2236 “
304 2192 444 2266 miliae.''
495 2195 576 2264 Erat
599 2190 730 2288 quippe
746 2193 859 2264 adhuc
890 2190 1049 2288 frequens
1066 2190 1226 2267 senatori·

256 2318 336 2405 bus,
362 2312 486 2411 siquid
508 2337 527 2384 e
550 2311 725 2408 republicd
740 2313 930 2401 crederent,
956 2313 1034 2385 loco
1053 2309 1227 2389 sententiae
1313 2336 1315 2339 ·

258 2460 428 2532 promere.
454 2435 586 2506 Contri
595 2435 715 2506 Gallus
727 2433 864 2506 Asinius
873 2419 1053 2523 disseruit,
1069 2439 1096 2475 “
1109 2437 1227 2508 Austri

258 2554 440 2652 “imperii
462 2554 644 2627 adolevisse
669 2554 773 2628 etiam
789 2597 792 2602 «
806 2554 952 2650 privatas
977 2579 1086 2652 opes3
1122 2555 1228 2653 idque

257 2682 288 2717 “
306 2702 377 2748 non
389 2702 538 2764 novum,
562 2673 662 2747 sede
686 2674 911 2748 vetustissimis
923 2674 1087 2749 moribus.
1111 2676 1229 2750 Aliam

258 2798 399 2894 “apud
424 2795 612 2886 Fabricios,
648 2794 750 2868 aliam
770 2797 863 2891 apud
884 2794 1059 2892 Scipiones
1086 2784 1227 2893 pecuni-

257 2923 285 2959 “
303 2942 385 3002 am3
422 2921 454 2989 δι
483 2919 607 2989 cunsta
639 2917 684 2988 ad
718 2915 970 3017 rempublicam
995 2914 1133 2997 referri:
1161 2922 1229 3015 qud

257 3042 285 3077 “
302 3011 410 3126 tenui,
436 3036 597 3133 angustas
628 3036 757 3109 civium
785 3037 932 3120 domos;
969 3036 1153 3134 postquam
1186 3038 1227 3109 ed

256 3163 285 3199 “
304 3155 569 3253 magnificentiae
583 3156 726 3245 venerit,
753 3155 895 3254 gliscere
907 3159 1067 3254 fingulos.
1102 3159 1227 3254 Neque

256 3282 285 3318 “
302 3276 337 3348 in
361 3275 491 3349 familis
514 3280 547 3348 δι
571 3296 729 3373 argento,
752 3303 899 3374 quaeque
923 3278 968 3348 ad
990 3277 1088 3350 usum
1107 3302 1226 3372 paren-

213 3480 215 3485 ·
256 3401 283 3437 “
302 3383 376 3485 tur,
407 3396 555 3470 nimium
587 3395 731 3492 aliquid,
772 3417 831 3468 aut
863 3396 1060 3486 modicum,
1095 3398 1153 3470 nisi
1183 3386 1228 3468 eir

256 3521 283 3557 “
298 3514 435 3588 fortunas
463 3516 683 3613 possidentis:
714 3515 889 3591 distinstos
913 3515 1045 3591 senatbs
1070 3522 1103 3589 δι
1128 3515 1223 3610 equi-

256 3641 284 3678 “
303 3654 378 3706 turn
403 3637 533 3726 census,
569 3664 640 3709 non
667 3636 749 3735 quia
772 3637 894 3710 diverfi
927 3641 1056 3722 naturas,
1092 3633 1150 3706 sed
1185 3654 1225 3705 ut

255 3761 285 3801 “
305 3752 401 3844 Iocis,
436 3755 631 3848 ordinibus,
679 3758 952 3856 dignationibus,
1000 3755 1156 3830 antistent
1189 3759 1223 3828 δι
