2760 4718
390 356 972 433 muunarouLlaNL'
1066 354 1144 447 *²⁸7
1202 398 1206 406 -

172 535 342 622 consulto,
366 557 410 605 ne
434 533 524 606 tesia
541 532 685 631 quidem
698 530 824 622 Urbis,
852 528 940 605 adeo
963 532 1145 627 publicum

169 655 354 731 confilium
380 679 575 751 numquam
602 653 700 747 adiit,
727 652 837 733 deviis
854 654 1062 752 plerumque
1088 653 1144 728 iti-

169 777 308 859 neribus
326 773 507 872 ambigens
524 772 671 870 patriam
689 778 723 846 ἃ*
739 772 927 847 declinans.
950 774 954 780 ’
1239 764 1244 770 ’

218 896 319 981 XVI.
345 897 524 969 Iuranna
539 918 672 991 magna
689 893 742 973 vis
758 890 997 998 accusatorum
1025 894 1061 967 in
1087 919 1145 968 eos

169 1016 315 1113 inrupit,
327 1016 390 1112 qui
407 1015 570 1112 pecunias
587 1012 706 1088 fenore
721 1013 947 1104 auctitabant,
961 1013 1145 1093 adversum

171 1137 288 1235 legem
313 1134 486 1208 dictatoris
502 1132 654 1225 Caesaris,
673 1136 742 1232 qua
774 1141 800 1177 “
814 1134 860 1207 de
877 1136 986 1208 modo
1001 1137 1144 1209 creden·

169 1265 201 1311 =“
220 1256 272 1346 di,
289 1254 550 1353 possidendique
565 1254 655 1327 intra
671 1254 832 1327 Italiam''
855 1275 1021 1344 caretum
1045 1255 1145 1333 omis·

170 1377 243 1451 sam
259 1377 361 1468 olim,
374 1377 457 1474 quia
474 1375 609 1474 privato
620 1374 693 1449 usui
710 1377 842 1448 bonum
856 1375 1039 1473 publicum
1052 1377 1145 1474 post·

171 1498 322 1597 ponitur,
371 1498 459 1573 Sane
485 1518 583 1571 vetus
617 1496 710 1571 Urbi
745 1495 884 1571 fenebre
912 1497 1085 1589 malum,x
1111 1503 1144 1572 δι
1175 1552 1178 1558 -

171 1619 381 1693 seditionum
415 1618 736 1715 discordiarumque
774 1616 982 1691 creberrima
1021 1616 1142 1693 causat

156 1737 286 1839 ¹eoque
304 1741 530 1816 cohibebatur
545 1737 695 1836 antiquis
714 1738 854 1835 quoque
878 1740 911 1809 dr
937 1737 1053 1811 minus
1070 1763 1145 1811 cor·

138 1856 142 1873 ¹
171 1862 282 1959 ruptis
308 1861 475 1937 moribus.
525 1861 620 1933 Nam
652 1855 765 1955 primb
798 1858 988 1934 duodecim
1021 1859 1156 1933 tabulis'

169 1981 338 2070 faustum,
372 1988 401 2025 “
416 2007 460 2070 ne
490 1979 567 2080 quis
592 1976 746 2068 unciario
772 1976 889 2051 fenore
917 1980 1068 2076 amplibs
1084 2005 1145 2053 ex·

170 2110 198 2146 “
217 2103 388 2206 erceret,''
420 2102 502 2176 cum
528 2120 629 2177 antea
661 2125 706 2177 ex
741 2098 885 2173 libidine
912 2096 1169 2198 *locupletium

60 2259 66 2265 ·
114 2309 119 2315 ,
169 2223 382 2322 agitaretur:
408 2222 499 2295 dein
515 2219 907 2319 rogatione'tribunicid‚
937 2222 981 2293 ad
1010 2218 1147 2294 semun-

169 2345 239 2419 cias
263 2346 427 2417 redasIa:
461 2340 634 2437 postremo
647 2340 757 2414 uetita
773 2337 930 2415 versura:
961 2339 1148 2438 multisque

171 2464 284 2562 plebis
312 2461 400 2534 scitis
426 2460 571 2533 obviam
588 2460 675 2534 itum
692 2460 883 2550 fraudibus,
913 2486 992 2558 quae
1020 2460 1147 2539 totiens

169 2584 339 2680 repressa,
364 2580 468 2654 miras
492 2607 552 2679 per
567 2602 656 2656 artes
672 2581 806 2660 nusum
823 2580 1031 2679 oriebantur.
1079 2583 1146 2657 Sed

169 2723 247 2777 tum
264 2704 444 2777 Gracchus
464 2723 601 2802 praetor,
635 2703 693 2777 cui
721 2731 769 2778 ea
793 2701 938 2803 quaestio
971 2725 1146 2792 evenerat,
1181 2798 1184 2801 ¹

171 2824 393 2898 multitudine
421 2805 686 2925 periclitantium
704 2824 875 2914 subactus,
905 2824 1020 2897 retulit
1035 2826 1081 2897 ad
1097 2825 1146 2897 se·

171 2965 317 3018 natum:
348 2944 547 3042 trepidique
564 2964 676 3044 patres
702 2953 835 3043 (neque
853 2946 946 3020 enim
964 2944 1148 3043 quisquam
1252 2987 1255 3001 =

170 3064 229 3138 tali
260 3066 364 3161 culpd
390 3067 539 3158 vacuus)
571 3065 709 3140 veniam
737 3091 758 3138 a
785 3066 949 3164 Principe
971 3067 1144 3164 petivdre:

171 3188 205 3257 a
232 3186 460 3275 concedente,
488 3211 598 3259 annus
616 3186 652 3258 in
666 3187 851 3283 posterum,
869 3185 998 3283 sexque
1015 3184 1147 3267 menses

168 3304 255 3394 dati,
281 3307 360 3402 quis
375 3305 567 3382 secundirm
586 3304 677 3404 jussa
702 3307 802 3405 legis,
833 3306 979 3380 rationes
1002 3305 1146 3380 familia-

141 3454 142 3457 *
169 3450 222 3511 xes
252 3421 396 3522 quisque
419 3421 681 3524 componerent.

217 3547 333 3620 XVII.
360 3548 472 3620 Hruc
501 3548 619 3645 inopia
649 3547 698 3620 rei
726 3545 945 3634 nummariae,
965 3569 1147 3623 commoto
1184 3572 1188 3603 ³

168 3670 269 3749 simul
297 3666 458 3740 omnium
475 3695 542 3741 aare
559 3667 694 3753 alieno;
725 3673 758 3741 a
788 3666 870 3764 quia
886 3688 938 3740 tot
954 3667 1139 3757 damnatis,
1184 3674 1186 3677 ’

173 3788 339 3905 bonisque
366 3813 488 3864 eorum
523 3786 727 3880 divenditis,
759 3791 929 3889 signatum
958 3811 1145 3888 argentum
1174 3802 1178 3809 '
