2676 4732
241 366 315 439 304
440 335 1022 454 C.Conuss'1rTne1rt

236 542 333 606 mm,
350 517 487 614 corpori
512 518 668 593 custodes
691 519 848 610 aderant,
879 518 942 623 suis
964 519 1111 620 quisque
1135 521 1222 597 sedis

239 640 306 713 bus
322 657 489 729 extorres,
525 640 603 737 quls
620 665 736 736 neque
762 639 844 712 boni
868 639 1077 733 intelleslus,
1109 670 1223 742 neque

239 759 323 833 mali
356 784 454 849 cura,
493 758 552 833 sed
572 761 745 833 ‘mercede
784 760 936 852 aluntur,
975 763 1122 836 ministri
1152 763 1222 838 sce·

240 880 380 954 leribus.
446 878 517 954 His
550 878 751 977 adsumptis,
788 879 824 981 in
853 882 1106 982 longinqua&
1136 912 1223 960 con·

240 1001 390 1074 termina
416 999 567 1096 Scythiae
600 1000 722 1100 fugam
755 1002 955 1092 maturavit,
989 1001 1050 1099 spe
1081 1005 1222 1096 auxilii,

121 1119 126 1145 '
240 1120 322 1219 quia
347 1119 523 1216 Hyrcanis
547 1119 810 1218 Carmaniisque
839 1147 900 1220 per
928 1122 1147 1197 adfinitatem
1170 1124 1220 1197 in·

239 1266 349 1315 nexus
375 1261 474 1327 erat3
508 1259 615 1338 atque
641 1242 782 1315 interim·
808 1246 905 1341 posse
932 1245 1081 1317 Part'hos
1106 1244 1220 1318 absen-

238 1361 328 1435 tium
346 1387 480 1460 aequos,
506 1358 729 1460 praesentibus
745 1363 905 1455 mobiles,
926 1364 972 1438 ad
990 1365 1221 1462 paenitentiam

240 1482 378 1556 mutari.
997 1532 1004 1573 2
1273 1487 1278 1493 ’

290 1602 482 1678 XXXVII.
510 1607 570 1678 Aa
592 1607 833 1700 Vtrattrus,
852 1604 1004 1705 profugo
1026 1608 1219 1698 Artabano,

242 1731 276 1798 δι
310 1724 411 1799 flexis
438 1726 483 1798 ad
517 1751 653 1800 novum
685 1752 806 1826 regern
839 1727 1060 1826 popularium
1085 1727 1220 1818 animis,

238 1847 391 1920 hortatus
411 1845 590 1920 Tiridaten
620 1854 783 1946 “parata
805 1850 1015 1947 capeffere,''
1042 1852 1149 1923 robur
1172 1850 1220 1921 le·

242 1966 401 2064 gionum,
428 1965 685 2066 sociorumque,
711 1968 821 2065 ripam
845 1971 889 2042 ad
907 1969 1096 2066 Euphratis
1113 1968 1219 2044 ducit.

241 2086 538 2177 Sacrificantibus,
560 2089 642 2163 etim
658 2088 716 2161 hic
733 2114 829 2161 more
847 2092 1014 2162 Romano
1031 2093 1223 2164 Suovetau-

240 2205 316 2280 tilia
332 2205 444 2295 daret,
475 2207 534 2280 ille
550 2233 681 2307 equum
703 2209 870 2306 placando
891 2209 986 2281 amni
1000 2210 1196 2283 adornasset
1210 2238 1223 2298 3

241 2326 443 2401 nuntiavdre
460 2331 606 2419 accolae,
638 2336 666 2371 “
691 2330 906 2426 Euphraten,
933 2331 1028 2402 nulls
1051 2328 1222 2403 imbrium

42 2537 46 2544 ¹
149 2459 152 2464 ’
241 2457 269 2493 “
289 2448 339 2537 vi,
361 2448 485 2547 sponte
514 2454 548 2524 ἂ
573 2450 786 2524 immensum
810 2449 945 2535 attolli;
971 2452 1072 2524 simul
1100 2451 1220 2524 alben·

243 2570 382 2644 “tibus
404 2567 534 2669 spumis
555 2570 589 2643 in
615 2558 765 2644 modum
792 2571 995 2645 diadematis
1023 2575 1152 2646 sinuare
1168 2597 1222 2654 or-

243 2696 271 2735 “
291 2694 351 2765 bes
365 2719 376 2777 ;
418 2691 608 2789 auspicium
643 2690 795 2790 prosperi
836 2692 1111 2790 transgressus:''
1145 2691 1222 2791 qui·

240 2815 324 2888 dam
358 2812 515 2886 callidius
547 2812 877 2909 interpretabantur,
904 2820 932 2856 “
959 2813 1056 2887 initia
1083 2814 1223 2887 conattis

221 2942 270 2980 ·“
287 2933 451 3024 secunda,
483 2959 599 3032 neque
631 2932 817 3007 diuturna:
862 2934 944 3032 quia
978 2959 1112 3024 eorum,
1146 2958 1224 3030 quae

214 3101 216 3107 .
243 3064 271 3103 “
289 3057 378 3129 terral
393 3055 528 3129 caelove
552 3056 853 3153 portenderentur,
882 3054 1008 3128 certior
1025 3056 1132 3141 sides;
1158 3057 1222 3128 flu-

241 3184 270 3222 “
288 3177 424 3252 minum
442 3175 607 3250 instabilis
624 3195 746 3249 natura
763 3177 864 3248 simul
880 3174 1076 3249 ostenderet
1093 3174 1226 3264 omina,

242 3307 269 3343 “
287 3299 530 3397 raperetque.’'
577 3297 645 3369 Sed
675 3317 781 3394 ponte
811 3295 961 3370 navibus
990 3297 1128 3386 effeslo,
1157 3316 1226 3368 tra-

240 3417 409 3517 missoque
426 3417 594 3509 exercitu,
609 3416 739 3514 primus
754 3415 976 3514 Ornospades
993 3415 1112 3490 multis
1128 3415 1225 3514 equi-

181 3531 191 3546 ’
240 3555 317 3608 tum
334 3539 489 3615 millibus
518 3540 553 3612 in
579 3538 687 3612 castra
703 3537 822 3612 venit:
852 3536 948 3610 exsul
966 3539 1161 3636 quondam,
1188 3540 1224 3607 dc

238 3655 396 3747 Tiberio,
439 3663 522 3737 cum
561 3659 802 3735 Dalmaticum
844 3659 978 3732 bellum
1020 3659 1221 3742 conficeret,

239 3775 334 3857 haud
352 3773 519 3876 inglorius
540 3780 738 3874 auxiliator,
765 3779 879 3878 eoque
903 3778 1044 3853 civitate
1060 3777 1223 3850 Romani
1260 3822 1270 3837 .
