<?xml version="1.0" encoding="UTF-8"?>
<!DOCTYPE html PUBLIC "-//W3C//DTD XHTML 1.0 Transitional//EN"
    "http://www.w3.org/TR/xhtml1/DTD/xhtml1-transitional.dtd">
<html xmlns="http://www.w3.org/1999/xhtml" xml:lang="en" lang="en">
 <head>
  <title>
</title>
<meta http-equiv="Content-Type" content="text/html;charset=utf-8" />
  <meta name='ocr-system' content='tesseract 3.04.00' />
  <meta name='ocr-capabilities' content='ocr_page ocr_carea ocr_par ocr_line ocrx_word'/>
</head>
<body>
  <div class='ocr_page' id='page_1' title='image "./ccorneliitaciti00freigoog_0200.png"; bbox 0 0 2512 4696; ppageno 0'>
   <div class='ocr_carea' id='block_1_1' title="bbox 396 341 1198 450">
    <p class='ocr_par' dir='ltr' id='par_1_1' title="bbox 396 341 1198 450">
     <span class='ocr_line' id='line_1_1' title="bbox 396 341 1198 450; baseline 0.077 -63"><span class='ocrx_word' id='word_1_1' title='bbox 396 377 405 387; x_wconf 77' lang='grc'>.,</span> <span class='ocrx_word' id='word_1_2' title='bbox 437 341 910 417; x_wconf 71' lang='lat' dir='ltr'>Anunn&#39;ruquu&#39;.</span> <span class='ocrx_word' id='word_1_3' title='bbox 940 347 1003 422; x_wconf 84' lang='grc' dir='ltr'><strong>ΙΙΙ.</strong></span> <span class='ocrx_word' id='word_1_4' title='bbox 1127 376 1198 450; x_wconf 77' lang='lat'>‘149</span> 
     </span>
    </p>
   </div>
   <div class='ocr_carea' id='block_1_2' title="bbox 98 514 1235 4011">
    <p class='ocr_par' dir='ltr' id='par_1_2' title="bbox 154 514 1197 740">
     <span class='ocr_line' id='line_1_2' title="bbox 154 514 1197 620; baseline 0.001 -23"><span class='ocrx_word' id='word_1_5' title='bbox 154 579 156 582; x_wconf 82' lang='grc'><strong>-</strong></span> <span class='ocrx_word' id='word_1_6' title='bbox 212 516 460 620; x_wconf 83' lang='lat' dir='ltr'>timsegregari</span> <span class='ocrx_word' id='word_1_7' title='bbox 483 543 504 591; x_wconf 91' lang='lat' dir='ltr'>a</span> <span class='ocrx_word' id='word_1_8' title='bbox 523 516 661 608; x_wconf 87' lang='lat' dir='ltr'>marito,</span> <span class='ocrx_word' id='word_1_9' title='bbox 685 516 846 594; x_wconf 58' lang='lat' dir='ltr'>dividere.</span> <span class='ocrx_word' id='word_1_10' title='bbox 866 514 1100 594; x_wconf 77' lang='lat' dir='ltr'>defensionem</span> <span class='ocrx_word' id='word_1_11' title='bbox 1122 548 1197 617; x_wconf 67' lang='lat' dir='ltr'>coe÷</span> 
     </span>
     <span class='ocr_line' id='line_1_3' title="bbox 211 639 1196 740; baseline 0 -24"><span class='ocrx_word' id='word_1_12' title='bbox 211 643 285 739; x_wconf 87' lang='lat' dir='ltr'>pit:</span> <span class='ocrx_word' id='word_1_13' title='bbox 315 640 416 740; x_wconf 94' lang='lat' dir='ltr'>quod</span> <span class='ocrx_word' id='word_1_14' title='bbox 432 665 511 714; x_wconf 92' lang='lat' dir='ltr'>reus</span> <span class='ocrx_word' id='word_1_15' title='bbox 528 640 715 738; x_wconf 87' lang='lat' dir='ltr'>postquam</span> <span class='ocrx_word' id='word_1_16' title='bbox 745 639 807 714; x_wconf 89' lang='lat' dir='ltr'>fibi</span> <span class='ocrx_word' id='word_1_17' title='bbox 819 639 1001 713; x_wconf 70' lang='lat' dir='ltr'>&#39;exitiabile</span> <span class='ocrx_word' id='word_1_18' title='bbox 1017 639 1196 740; x_wconf 89' lang='lat' dir='ltr'>intelligit,</span> 
     </span>
    </p>

    <p class='ocr_par' dir='ltr' id='par_1_3' title="bbox 207 760 1197 980">
     <span class='ocr_line' id='line_1_4' title="bbox 209 760 1197 859; baseline -0.001 -21"><span class='ocrx_word' id='word_1_19' title='bbox 209 789 254 837; x_wconf 83' lang='lat' dir='ltr'>an</span> <span class='ocrx_word' id='word_1_20' title='bbox 277 764 395 837; x_wconf 88' lang='lat' dir='ltr'>adhuc</span> <span class='ocrx_word' id='word_1_21' title='bbox 423 761 641 859; x_wconf 85' lang='lat' dir='ltr'>experiretur</span> <span class='ocrx_word' id='word_1_22' title='bbox 665 760 842 852; x_wconf 74' lang='lat' dir='ltr'>dubitanS,</span> <span class='ocrx_word' id='word_1_23' title='bbox 872 761 1091 835; x_wconf 77' lang='lat' dir='ltr'>hortantibus</span> <span class='ocrx_word' id='word_1_24' title='bbox 1116 763 1197 838; x_wconf 89' lang='lat' dir='ltr'>filiis</span> 
     </span>
     <span class='ocr_line' id='line_1_5' title="bbox 207 879 1195 980; baseline -0.001 -21"><span class='ocrx_word' id='word_1_25' title='bbox 207 885 309 959; x_wconf 86' lang='lat' dir='ltr'>durat</span> <span class='ocrx_word' id='word_1_26' title='bbox 330 903 504 973; x_wconf 89' lang='lat' dir='ltr'>mentem,</span> <span class='ocrx_word' id='word_1_27' title='bbox 542 879 771 979; x_wconf 89' lang='lat' dir='ltr'>senatumque</span> <span class='ocrx_word' id='word_1_28' title='bbox 811 880 943 955; x_wconf 88' lang='lat' dir='ltr'>rursum</span> <span class='ocrx_word' id='word_1_29' title='bbox 975 881 1195 980; x_wconf 85' lang='lat' dir='ltr'>ingreditur:</span> 
     </span>
    </p>

    <p class='ocr_par' dir='ltr' id='par_1_4' title="bbox 157 1000 1221 1951">
     <span class='ocr_line' id='line_1_6' title="bbox 208 1000 1211 1105; baseline -0.001 -26"><span class='ocrx_word' id='word_1_30' title='bbox 208 1007 553 1105; x_wconf 85' lang='lat' dir='ltr'>redintegratamque</span> <span class='ocrx_word' id='word_1_31' title='bbox 582 1001 854 1092; x_wconf 82' lang='lat' dir='ltr'>accusationem,</span> <span class='ocrx_word' id='word_1_32' title='bbox 881 1000 1026 1077; x_wconf 83' lang='lat' dir='ltr'>infensas</span> <span class='ocrx_word' id='word_1_33' title='bbox 1054 1025 1211 1100; x_wconf 86' lang='lat' dir='ltr'>patmm</span> 
     </span>
     <span class='ocr_line' id='line_1_7' title="bbox 209 1121 1196 1221; baseline -0.001 -21"><span class='ocrx_word' id='word_1_34' title='bbox 209 1152 328 1218; x_wconf 86' lang='lat' dir='ltr'>voces,</span> <span class='ocrx_word' id='word_1_35' title='bbox 363 1125 506 1200; x_wconf 87' lang='lat' dir='ltr'>adversa</span> <span class='ocrx_word' id='word_1_36' title='bbox 536 1130 569 1200; x_wconf 76' lang='grc' dir='ltr'>δι</span> <span class='ocrx_word' id='word_1_37' title='bbox 605 1121 695 1197; x_wconf 72' lang='lat' dir='ltr'>sava</span> <span class='ocrx_word' id='word_1_38' title='bbox 727 1125 852 1197; x_wconf 74' lang='lat' dir='ltr'>cuneta</span> <span class='ocrx_word' id='word_1_39' title='bbox 876 1126 1066 1221; x_wconf 84' lang='lat' dir='ltr'>perpessus,</span> <span class='ocrx_word' id='word_1_40' title='bbox 1098 1128 1196 1199; x_wconf 90' lang='lat' dir='ltr'>nullo</span> 
     </span>
     <span class='ocr_line' id='line_1_8' title="bbox 157 1228 1196 1348; baseline 0.002 -30"><span class='ocrx_word' id='word_1_41' title='bbox 157 1309 168 1318; x_wconf 79' lang='grc'>,</span> <span class='ocrx_word' id='word_1_42' title='bbox 210 1249 321 1348; x_wconf 86' lang='lat' dir='ltr'>magis</span> <span class='ocrx_word' id='word_1_43' title='bbox 348 1247 534 1322; x_wconf 88' lang='lat' dir='ltr'>exterritus</span> <span class='ocrx_word' id='word_1_44' title='bbox 556 1245 617 1335; x_wconf 90' lang='lat' dir='ltr'>est,</span> <span class='ocrx_word' id='word_1_45' title='bbox 659 1245 768 1342; x_wconf 67' lang='lat' dir='ltr'>quim</span> <span class='ocrx_word' id='word_1_46' title='bbox 791 1241 888 1341; x_wconf 74' lang='lat' dir='ltr'>quod</span> <span class='ocrx_word' id='word_1_47' title='bbox 909 1228 1097 1319; x_wconf 76' lang='lat' dir='ltr'>Tiberium</span> <span class='ocrx_word' id='word_1_48' title='bbox 1127 1250 1196 1320; x_wconf 76' lang='lat' dir='ltr'>sine</span> 
     </span>
     <span class='ocr_line' id='line_1_9' title="bbox 211 1363 1195 1464; baseline -0.003 -21"><span class='ocrx_word' id='word_1_49' title='bbox 211 1368 441 1456; x_wconf 87' lang='lat' dir='ltr'>miseratione,</span> <span class='ocrx_word' id='word_1_50' title='bbox 458 1371 526 1441; x_wconf 87' lang='lat' dir='ltr'>fine</span> <span class='ocrx_word' id='word_1_51' title='bbox 549 1367 610 1457; x_wconf 74' lang='lat' dir='ltr'>ira,</span> <span class='ocrx_word' id='word_1_52' title='bbox 639 1365 867 1455; x_wconf 86' lang='lat' dir='ltr'>obstinatum,</span> <span class='ocrx_word' id='word_1_53' title='bbox 891 1363 1120 1464; x_wconf 86' lang='lat' dir='ltr'>clausumque</span> <span class='ocrx_word' id='word_1_54' title='bbox 1142 1369 1195 1440; x_wconf 89' lang='lat' dir='ltr'>vi·</span> 
     </span>
     <span class='ocr_line' id='line_1_10' title="bbox 211 1465 1221 1589; baseline 0 -26"><span class='ocrx_word' id='word_1_55' title='bbox 211 1490 279 1581; x_wconf 91' lang='lat' dir='ltr'>dit,</span> <span class='ocrx_word' id='word_1_56' title='bbox 310 1516 356 1565; x_wconf 88' lang='lat' dir='ltr'>ne</span> <span class='ocrx_word' id='word_1_57' title='bbox 373 1517 445 1589; x_wconf 94' lang='lat' dir='ltr'>quo</span> <span class='ocrx_word' id='word_1_58' title='bbox 461 1488 600 1564; x_wconf 73' lang='lat' dir='ltr'>adfectu</span> <span class='ocrx_word' id='word_1_59' title='bbox 618 1465 909 1588; x_wconf 77' lang='lat' dir='ltr'>perrumperetur.</span> <span class='ocrx_word' id='word_1_60' title='bbox 961 1489 1108 1567; x_wconf 87' lang='lat' dir='ltr'>Relatus</span> <span class='ocrx_word' id='word_1_61' title='bbox 1131 1491 1196 1563; x_wconf 93' lang='lat' dir='ltr'>do·</span> <span class='ocrx_word' id='word_1_62' title='bbox 1217 1530 1221 1535; x_wconf 93' lang='lat'><em>·</em></span> 
     </span>
     <span class='ocr_line' id='line_1_11' title="bbox 210 1609 1196 1710; baseline -0.002 -25"><span class='ocrx_word' id='word_1_63' title='bbox 210 1637 326 1704; x_wconf 90' lang='lat' dir='ltr'>mum,</span> <span class='ocrx_word' id='word_1_64' title='bbox 355 1634 537 1710; x_wconf 84' lang='lat' dir='ltr'>tamquam</span> <span class='ocrx_word' id='word_1_65' title='bbox 563 1609 797 1690; x_wconf 83' lang='lat' dir='ltr'>defensionem</span> <span class='ocrx_word' id='word_1_66' title='bbox 822 1609 859 1687; x_wconf 86' lang='lat' dir='ltr'>in</span> <span class='ocrx_word' id='word_1_67' title='bbox 885 1609 1059 1708; x_wconf 82' lang='lat' dir='ltr'>posterum</span> <span class='ocrx_word' id='word_1_68' title='bbox 1085 1611 1196 1684; x_wconf 88' lang='lat' dir='ltr'>medi-</span> 
     </span>
     <span class='ocr_line' id='line_1_12' title="bbox 210 1729 1195 1832; baseline 0.001 -28"><span class='ocrx_word' id='word_1_69' title='bbox 210 1750 351 1825; x_wconf 89' lang='lat' dir='ltr'>taretur,</span> <span class='ocrx_word' id='word_1_70' title='bbox 381 1759 490 1831; x_wconf 85' lang='lat' dir='ltr'>pauca</span> <span class='ocrx_word' id='word_1_71' title='bbox 515 1729 711 1823; x_wconf 88' lang='lat' dir='ltr'>conscribit,</span> <span class='ocrx_word' id='word_1_72' title='bbox 740 1735 986 1832; x_wconf 76' lang='lat' dir='ltr'>obsignatque,</span> <span class='ocrx_word' id='word_1_73' title='bbox 1015 1729 1195 1805; x_wconf 84' lang='lat' dir='ltr'>&amp;liberto</span> 
     </span>
     <span class='ocr_line' id='line_1_13' title="bbox 213 1838 1193 1951; baseline -0.001 -24"><span class='ocrx_word' id='word_1_74' title='bbox 213 1855 330 1929; x_wconf 85' lang='lat' dir='ltr'>tradit.</span> <span class='ocrx_word' id='word_1_75' title='bbox 382 1857 483 1928; x_wconf 92' lang='lat' dir='ltr'>Tum</span> <span class='ocrx_word' id='word_1_76' title='bbox 510 1853 609 1927; x_wconf 84' lang='lat' dir='ltr'>solita</span> <span class='ocrx_word' id='word_1_77' title='bbox 625 1854 781 1929; x_wconf 86' lang='lat' dir='ltr'>curando</span> <span class='ocrx_word' id='word_1_78' title='bbox 808 1838 946 1949; x_wconf 90' lang='lat' dir='ltr'>corpori</span> <span class='ocrx_word' id='word_1_79' title='bbox 970 1850 1193 1951; x_wconf 85' lang='lat' dir='ltr'>exsequitur:</span> 
     </span>
    </p>

    <p class='ocr_par' dir='ltr' id='par_1_5' title="bbox 206 1970 1197 2318">
     <span class='ocr_line' id='line_1_14' title="bbox 209 1970 1194 2072; baseline -0.001 -23"><span class='ocrx_word' id='word_1_80' title='bbox 209 1975 291 2049; x_wconf 91' lang='lat' dir='ltr'>dein</span> <span class='ocrx_word' id='word_1_81' title='bbox 319 1978 469 2050; x_wconf 86' lang='lat' dir='ltr'>multam</span> <span class='ocrx_word' id='word_1_82' title='bbox 496 1971 580 2072; x_wconf 84' lang='lat' dir='ltr'>post·</span> <span class='ocrx_word' id='word_1_83' title='bbox 598 1977 753 2064; x_wconf 75' lang='lat' dir='ltr'>noctem,</span> <span class='ocrx_word' id='word_1_84' title='bbox 780 1970 912 2072; x_wconf 63' lang='lat' dir='ltr'>egressi</span> <span class='ocrx_word' id='word_1_85' title='bbox 937 1971 1104 2048; x_wconf 88' lang='lat' dir='ltr'>cubiculo</span> <span class='ocrx_word' id='word_1_86' title='bbox 1126 2001 1194 2048; x_wconf 85' lang='lat' dir='ltr'>ux·</span> 
     </span>
     <span class='ocr_line' id='line_1_15' title="bbox 208 2082 1197 2195; baseline -0.001 -26"><span class='ocrx_word' id='word_1_87' title='bbox 208 2121 281 2187; x_wconf 91' lang='lat' dir='ltr'>ore,</span> <span class='ocrx_word' id='word_1_88' title='bbox 310 2104 337 2140; x_wconf 90' lang='lat'><strong><em>“</em></strong></span> <span class='ocrx_word' id='word_1_89' title='bbox 351 2082 480 2195; x_wconf 85' lang='lat' dir='ltr'>operiri</span> <span class='ocrx_word' id='word_1_90' title='bbox 505 2093 619 2170; x_wconf 88' lang='lat' dir='ltr'>sores’&#39;</span> <span class='ocrx_word' id='word_1_91' title='bbox 632 2094 750 2195; x_wconf 81' lang='lat' dir='ltr'>jussit:</span> <span class='ocrx_word' id='word_1_92' title='bbox 792 2100 825 2169; x_wconf 75' lang='grc' dir='ltr'>δε</span> <span class='ocrx_word' id='word_1_93' title='bbox 860 2085 979 2192; x_wconf 57' lang='lat' dir='ltr'>ccepti</span> <span class='ocrx_word' id='word_1_94' title='bbox 1000 2096 1093 2184; x_wconf 91' lang='lat' dir='ltr'>luce,</span> <span class='ocrx_word' id='word_1_95' title='bbox 1120 2122 1197 2193; x_wconf 91' lang='lat' dir='ltr'>per-</span> 
     </span>
     <span class='ocr_line' id='line_1_16' title="bbox 206 2213 1169 2318; baseline 0 -28"><span class='ocrx_word' id='word_1_96' title='bbox 206 2213 291 2292; x_wconf 83' lang='lat' dir='ltr'>fosso</span> <span class='ocrx_word' id='word_1_97' title='bbox 306 2217 454 2318; x_wconf 79' lang='lat' dir='ltr'>jugu10,</span> <span class='ocrx_word' id='word_1_98' title='bbox 466 2214 606 2315; x_wconf 86' lang='lat' dir='ltr'>jacente</span> <span class='ocrx_word' id='word_1_99' title='bbox 630 2216 731 2292; x_wconf 86' lang='lat' dir='ltr'>humi</span> <span class='ocrx_word' id='word_1_100' title='bbox 760 2216 892 2316; x_wconf 89' lang='lat' dir='ltr'>gladio,</span> <span class='ocrx_word' id='word_1_101' title='bbox 925 2237 1082 2314; x_wconf 88' lang='lat' dir='ltr'>repertus</span> <span class='ocrx_word' id='word_1_102' title='bbox 1108 2217 1169 2291; x_wconf 89' lang='lat' dir='ltr'>est.</span> 
     </span>
    </p>

    <p class='ocr_par' dir='ltr' id='par_1_6' title="bbox 98 2335 1235 3894">
     <span class='ocr_line' id='line_1_17' title="bbox 124 2335 1195 2427; baseline -0.001 -16"><span class='ocrx_word' id='word_1_103' title='bbox 124 2398 131 2411; x_wconf 83' lang='lat'><em>.</em></span> <span class='ocrx_word' id='word_1_104' title='bbox 210 2390 214 2396; x_wconf 91' lang='lat'>-</span> <span class='ocrx_word' id='word_1_105' title='bbox 254 2342 354 2414; x_wconf 84' lang='lat' dir='ltr'><strong>XVI.</strong></span> <span class='ocrx_word' id='word_1_106' title='bbox 381 2344 548 2414; x_wconf 77' lang='lat' dir='ltr'>Auurnn</span> <span class='ocrx_word' id='word_1_107' title='bbox 581 2364 639 2412; x_wconf 89' lang='lat' dir='ltr'>me</span> <span class='ocrx_word' id='word_1_108' title='bbox 671 2338 817 2413; x_wconf 89' lang='lat' dir='ltr'>memini</span> <span class='ocrx_word' id='word_1_109' title='bbox 846 2364 892 2416; x_wconf 88' lang='lat' dir='ltr'>ex</span> <span class='ocrx_word' id='word_1_110' title='bbox 914 2335 1118 2427; x_wconf 78' lang='lat' dir='ltr'>senioribus,</span> <span class='ocrx_word' id='word_1_111' title='bbox 1141 2338 1195 2410; x_wconf 83' lang='lat' dir='ltr'>vi-</span> 
     </span>
     <span class='ocr_line' id='line_1_18' title="bbox 190 2457 1195 2557; baseline -0.002 -25"><span class='ocrx_word' id='word_1_112' title='bbox 190 2458 281 2545; x_wconf 87' lang='lat' dir='ltr'>sum</span> <span class='ocrx_word' id='word_1_113' title='bbox 306 2459 434 2557; x_wconf 86' lang='lat' dir='ltr'>saepius</span> <span class='ocrx_word' id='word_1_114' title='bbox 460 2459 547 2535; x_wconf 87' lang='lat' dir='ltr'>inter</span> <span class='ocrx_word' id='word_1_115' title='bbox 572 2486 696 2540; x_wconf 83' lang='lat' dir='ltr'>manus</span> <span class='ocrx_word' id='word_1_116' title='bbox 720 2457 854 2537; x_wconf 88' lang='lat' dir='ltr'>Pisonis</span> <span class='ocrx_word' id='word_1_117' title='bbox 888 2458 1063 2547; x_wconf 89' lang='lat' dir='ltr'>libellum,</span> <span class='ocrx_word' id='word_1_118' title='bbox 1088 2482 1195 2554; x_wconf 89' lang='lat' dir='ltr'>quem</span> 
     </span>
     <span class='ocr_line' id='line_1_19' title="bbox 206 2577 1194 2680; baseline -0.001 -29"><span class='ocrx_word' id='word_1_119' title='bbox 206 2579 276 2676; x_wconf 93' lang='lat' dir='ltr'>ipse</span> <span class='ocrx_word' id='word_1_120' title='bbox 293 2604 368 2652; x_wconf 93' lang='lat' dir='ltr'>non</span> <span class='ocrx_word' id='word_1_121' title='bbox 389 2580 587 2676; x_wconf 84' lang='lat' dir='ltr'>vulgaverit</span> <span class='ocrx_word' id='word_1_122' title='bbox 599 2611 610 2668; x_wconf 90' lang='lat'>;</span> <span class='ocrx_word' id='word_1_123' title='bbox 637 2578 695 2656; x_wconf 92' lang='lat' dir='ltr'>sed</span> <span class='ocrx_word' id='word_1_124' title='bbox 718 2581 852 2655; x_wconf 88' lang='lat' dir='ltr'>amicos</span> <span class='ocrx_word' id='word_1_125' title='bbox 877 2579 948 2680; x_wconf 89' lang='lat' dir='ltr'>ejus</span> <span class='ocrx_word' id='word_1_126' title='bbox 972 2577 1194 2669; x_wconf 74' lang='lat' dir='ltr'>dictitaviss&#39;e,</span> 
     </span>
     <span class='ocr_line' id='line_1_20' title="bbox 209 2698 1195 2793; baseline -0.002 -20"><span class='ocrx_word' id='word_1_127' title='bbox 209 2705 239 2753; x_wconf 66' lang='lat'>‘⁴</span> <span class='ocrx_word' id='word_1_128' title='bbox 257 2700 374 2774; x_wconf 77' lang='lat' dir='ltr'>literas·</span> <span class='ocrx_word' id='word_1_129' title='bbox 414 2700 562 2793; x_wconf 89' lang='lat' dir='ltr'>Tiberii,</span> <span class='ocrx_word' id='word_1_130' title='bbox 600 2707 634 2776; x_wconf 73' lang='grc' dir='ltr'>δι</span> <span class='ocrx_word' id='word_1_131' title='bbox 667 2704 833 2778; x_wconf 85' lang='lat' dir='ltr'>mandata</span> <span class='ocrx_word' id='word_1_132' title='bbox 868 2704 906 2776; x_wconf 94' lang='lat' dir='ltr'>in</span> <span class='ocrx_word' id='word_1_133' title='bbox 942 2698 1195 2775; x_wconf 87' lang='lat' dir='ltr'>Germanicum</span> 
     </span>
     <span class='ocr_line' id='line_1_21' title="bbox 209 2821 1195 2923; baseline -0.004 -28"><span class='ocrx_word' id='word_1_134' title='bbox 209 2826 238 2895; x_wconf 66' lang='lat'>5‘</span> <span class='ocrx_word' id='word_1_135' title='bbox 255 2821 458 2896; x_wconf 90' lang='lat' dir='ltr'>continere:</span> <span class='ocrx_word' id='word_1_136' title='bbox 497 2849 537 2897; x_wconf 86' lang='lat' dir='ltr'>ac</span> <span class='ocrx_word' id='word_1_137' title='bbox 577 2824 789 2899; x_wconf 83' lang='lat' dir='ltr'>destinatum</span> <span class='ocrx_word' id='word_1_138' title='bbox 823 2848 983 2923; x_wconf 90' lang='lat' dir='ltr'>promere</span> <span class='ocrx_word' id='word_1_139' title='bbox 1011 2822 1107 2918; x_wconf 87' lang='lat' dir='ltr'>apud</span> <span class='ocrx_word' id='word_1_140' title='bbox 1134 2846 1195 2916; x_wconf 88' lang='lat' dir='ltr'>pa-</span> 
     </span>
     <span class='ocr_line' id='line_1_22' title="bbox 208 2941 1195 3044; baseline -0.002 -30"><span class='ocrx_word' id='word_1_141' title='bbox 208 2947 238 2985; x_wconf 89' lang='lat'><strong>“</strong></span> <span class='ocrx_word' id='word_1_142' title='bbox 256 2962 339 3033; x_wconf 86' lang='lat' dir='ltr'>tres,</span> <span class='ocrx_word' id='word_1_143' title='bbox 376 2942 648 3043; x_wconf 89' lang='lat' dir='ltr'>Principemque</span> <span class='ocrx_word' id='word_1_144' title='bbox 670 2971 830 3044; x_wconf 87' lang='lat' dir='ltr'>arguere,</span> <span class='ocrx_word' id='word_1_145' title='bbox 869 2944 905 3017; x_wconf 92' lang='lat' dir='ltr'>ni</span> <span class='ocrx_word' id='word_1_146' title='bbox 934 2941 1047 3018; x_wconf 88' lang='lat' dir='ltr'>elusus</span> <span class='ocrx_word' id='word_1_147' title='bbox 1081 2968 1102 3014; x_wconf 90' lang='lat' dir='ltr'>a</span> <span class='ocrx_word' id='word_1_148' title='bbox 1135 2941 1195 3012; x_wconf 90' lang='lat' dir='ltr'>Se-</span> 
     </span>
     <span class='ocr_line' id='line_1_23' title="bbox 209 3059 1235 3161; baseline -0.003 -26"><span class='ocrx_word' id='word_1_149' title='bbox 209 3068 239 3127; x_wconf 75' lang='lat'>‘·‘</span> <span class='ocrx_word' id='word_1_150' title='bbox 249 3059 337 3161; x_wconf 89' lang='lat' dir='ltr'>jano</span> <span class='ocrx_word' id='word_1_151' title='bbox 355 3079 417 3158; x_wconf 82' lang='lat' dir='ltr'>pe&#39;r</span> <span class='ocrx_word' id='word_1_152' title='bbox 434 3087 526 3136; x_wconf 79' lang='lat' dir='ltr'>vana</span> <span class='ocrx_word' id='word_1_153' title='bbox 543 3065 707 3161; x_wconf 81' lang='lat' dir='ltr'>promissa</span> <span class='ocrx_word' id='word_1_154' title='bbox 720 3064 828 3144; x_wconf 82' lang='lat' dir='ltr'>soret;</span> <span class='ocrx_word' id='word_1_155' title='bbox 862 3090 927 3139; x_wconf 88' lang='lat' dir='ltr'>nec</span> <span class='ocrx_word' id='word_1_156' title='bbox 954 3063 1057 3136; x_wconf 84' lang='lat' dir='ltr'>illurn</span> <span class='ocrx_word' id='word_1_157' title='bbox 1073 3060 1195 3160; x_wconf 90' lang='lat' dir='ltr'>sponte</span> <span class='ocrx_word' id='word_1_158' title='bbox 1233 3068 1235 3071; x_wconf 82' lang='grc'><strong>’</strong></span> 
     </span>
     <span class='ocr_line' id='line_1_24' title="bbox 208 3181 1196 3284; baseline -0.004 -27"><span class='ocrx_word' id='word_1_159' title='bbox 208 3188 237 3227; x_wconf 83' lang='grc'><strong>“</strong></span> <span class='ocrx_word' id='word_1_160' title='bbox 255 3181 481 3274; x_wconf 69' lang='grc' dir='ltr'>εκίὶίηᾶυιη,</span> <span class='ocrx_word' id='word_1_161' title='bbox 505 3187 631 3261; x_wconf 76' lang='lat' dir='ltr'>verbm</span> <span class='ocrx_word' id='word_1_162' title='bbox 648 3185 804 3264; x_wconf 80' lang='lat' dir='ltr'>immisso</span> <span class='ocrx_word' id='word_1_163' title='bbox 822 3187 1018 3284; x_wconf 88' lang='lat' dir='ltr'>percussore</span> <span class='ocrx_word' id='word_1_164' title='bbox 1035 3183 1072 3254; x_wconf 87' lang='lat'>:&#39;’</span> <span class='ocrx_word' id='word_1_165' title='bbox 1105 3207 1196 3280; x_wconf 91' lang='lat' dir='ltr'>quo·</span> 
     </span>
     <span class='ocr_line' id='line_1_25' title="bbox 138 3290 1195 3403; baseline -0.004 -24"><span class='ocrx_word' id='word_1_166' title='bbox 138 3290 142 3297; x_wconf 35' lang='lat'>⁸</span> <span class='ocrx_word' id='word_1_167' title='bbox 207 3329 288 3379; x_wconf 90' lang='lat' dir='ltr'>rum</span> <span class='ocrx_word' id='word_1_168' title='bbox 306 3323 468 3380; x_wconf 83' lang='lat' dir='ltr'>neutrum</span> <span class='ocrx_word' id='word_1_169' title='bbox 485 3305 784 3383; x_wconf 81' lang='lat' dir='ltr'>adseveraverim:</span> <span class='ocrx_word' id='word_1_170' title='bbox 821 3331 937 3403; x_wconf 90' lang='lat' dir='ltr'>neque</span> <span class='ocrx_word' id='word_1_171' title='bbox 953 3325 1072 3377; x_wconf 87' lang='lat' dir='ltr'>tamen</span> <span class='ocrx_word' id='word_1_172' title='bbox 1089 3328 1195 3390; x_wconf 80' lang='lat' dir='ltr'>occu·</span> 
     </span>
     <span class='ocr_line' id='line_1_26' title="bbox 98 3418 1195 3525; baseline -0.003 -26"><span class='ocrx_word' id='word_1_173' title='bbox 98 3420 102 3426; x_wconf 58' lang='grc'><em>’</em></span> <span class='ocrx_word' id='word_1_174' title='bbox 205 3425 275 3499; x_wconf 85' lang='lat' dir='ltr'>lete</span> <span class='ocrx_word' id='word_1_175' title='bbox 292 3423 401 3499; x_wconf 90' lang='lat' dir='ltr'>debui</span> <span class='ocrx_word' id='word_1_176' title='bbox 420 3447 595 3501; x_wconf 83' lang='lat' dir='ltr'>narratum</span> <span class='ocrx_word' id='word_1_177' title='bbox 618 3429 663 3500; x_wconf 88' lang='lat' dir='ltr'>ab</span> <span class='ocrx_word' id='word_1_178' title='bbox 688 3426 742 3515; x_wconf 88' lang='lat' dir='ltr'>iis,</span> <span class='ocrx_word' id='word_1_179' title='bbox 769 3427 830 3525; x_wconf 90' lang='lat' dir='ltr'>qui</span> <span class='ocrx_word' id='word_1_180' title='bbox 849 3425 998 3499; x_wconf 88' lang='lat' dir='ltr'>nostram</span> <span class='ocrx_word' id='word_1_181' title='bbox 1011 3418 1195 3522; x_wconf 78' lang='lat' dir='ltr'>adjuven-</span> 
     </span>
     <span class='ocr_line' id='line_1_27' title="bbox 204 3543 1193 3638; baseline -0.001 -20"><span class='ocrx_word' id='word_1_182' title='bbox 204 3565 278 3621; x_wconf 85' lang='lat' dir='ltr'>tam</span> <span class='ocrx_word' id='word_1_183' title='bbox 295 3548 522 3625; x_wconf 83' lang='lat' dir='ltr'>duraverunt.</span> <span class='ocrx_word' id='word_1_184' title='bbox 572 3545 699 3638; x_wconf 78' lang='lat' dir='ltr'>Caesar,</span> <span class='ocrx_word' id='word_1_185' title='bbox 718 3551 814 3625; x_wconf 88' lang='lat' dir='ltr'>flexo</span> <span class='ocrx_word' id='word_1_186' title='bbox 837 3547 874 3620; x_wconf 92' lang='lat' dir='ltr'>in</span> <span class='ocrx_word' id='word_1_187' title='bbox 901 3543 1095 3618; x_wconf 79' lang='lat' dir='ltr'>maestitiam</span> <span class='ocrx_word' id='word_1_188' title='bbox 1118 3570 1193 3634; x_wconf 91' lang='lat' dir='ltr'>ore,</span> 
     </span>
     <span class='ocr_line' id='line_1_28' title="bbox 207 3666 1195 3766; baseline -0.001 -28"><span class='ocrx_word' id='word_1_189' title='bbox 207 3673 236 3746; x_wconf 65' lang='lat' dir='ltr'>‘f</span> <span class='ocrx_word' id='word_1_190' title='bbox 252 3666 349 3744; x_wconf 88' lang='lat' dir='ltr'>suam</span> <span class='ocrx_word' id='word_1_191' title='bbox 367 3668 541 3743; x_wconf 82' lang='lat' dir='ltr'>invidiam</span> <span class='ocrx_word' id='word_1_192' title='bbox 561 3667 623 3742; x_wconf 87' lang='lat' dir='ltr'>tali</span> <span class='ocrx_word' id='word_1_193' title='bbox 648 3688 761 3741; x_wconf 91' lang='lat' dir='ltr'>morte</span> <span class='ocrx_word' id='word_1_194' title='bbox 782 3668 961 3766; x_wconf 77' lang='lat' dir='ltr'>quaesitam</span> <span class='ocrx_word' id='word_1_195' title='bbox 978 3668 1071 3762; x_wconf 89' lang='lat' dir='ltr'>apud</span> <span class='ocrx_word' id='word_1_196' title='bbox 1099 3666 1195 3741; x_wconf 84' lang='lat' dir='ltr'>sena·</span> 
     </span>
     <span class='ocr_line' id='line_1_29' title="bbox 207 3776 1197 3894; baseline -0.014 -27"><span class='ocrx_word' id='word_1_197' title='bbox 207 3793 371 3886; x_wconf 78' lang='lat' dir='ltr'>“.tum,&#39;&#39;</span> <span class='ocrx_word' id='word_1_198' title='bbox 400 3793 464 3888; x_wconf 42' lang='grc' dir='ltr'>(ἦ)</span> <span class='ocrx_word' id='word_1_199' title='bbox 491 3786 690 3894; x_wconf 87' lang='lat' dir='ltr'>crebrisque</span> <span class='ocrx_word' id='word_1_200' title='bbox 716 3776 1047 3885; x_wconf 67' lang='lat' dir='ltr'>interrogationibut</span> <span class='ocrx_word' id='word_1_201' title='bbox 1070 3784 1197 3883; x_wconf 87' lang='lat' dir='ltr'>exqui-</span> 
     </span>
    </p>

    <p class='ocr_par' dir='ltr' id='par_1_7' title="bbox 676 3910 761 4011">
     <span class='ocr_line' id='line_1_30' title="bbox 676 3910 761 4011; baseline 0 0"><span class='ocrx_word' id='word_1_202' title='bbox 676 3910 761 4011; x_wconf 69' lang='lat' dir='ltr'>La</span> 
     </span>
    </p>
   </div>
   <div class='ocr_carea' id='block_1_3' title="bbox 0 0 1260 4696">
    <p class='ocr_par' dir='ltr' id='par_1_8' title="bbox 0 0 1260 4696">
     <span class='ocr_line' id='line_1_31' title="bbox 0 0 1260 4696; baseline 0 1"><span class='ocrx_word' id='word_1_203' title='bbox 0 0 1260 4696; x_wconf 95' lang='lat' dir='ltr'> </span> 
     </span>
    </p>
   </div>
  </div>
 </body>
</html>
