2776 4724
226 308 316 404 24'
383 309 739 383 econunrr
773 308 985 382 Tactrr

226 512 309 560 nem
325 487 521 576 retulerant,
556 485 701 560 vocibus
725 483 929 560 truculentis
943 481 1115 580 streperc3
1134 500 1214 560 rure

225 608 313 696 sum,
342 605 414 679 viso
442 604 589 697 Caesare,
618 607 813 706 trepidare:
834 630 991 681 murmur
1022 602 1207 696 incertum,

95 822 98 829 A
134 768 136 772 v
225 749 325 814 atrox
342 728 488 818 clamor,
508 731 541 803 ἃ
560 729 700 827 repente
719 730 837 829 quies‘:
857 727 995 801 diverfis
1011 724 1209 799 animonrm

225 847 390 938 motibus,
441 852 615 946 pavebant
653 855 909 950 terrebantque.
958 848 1121 921 Tandem
1153 845 1208 920 in-

224 988 380 1065 teimpto
414 971 581 1061 tumultu,
617 971 729 1045 literas
762 970 865 1070 patris
898 968 1031 1059 recitat,
1059 967 1096 1040 in
1128 969 1212 1066 quls⁴

225 1087 450 1186 perscriptum
479 1111 564 1180 erat,
600 1100 627 1134 “
646 1093 855 1190 praecipuam
873 1092 933 1190 ipsr
954 1088 1209 1162 fortiffimamm

128 1214 131 1230 '
227 1210 454 1308 “legionum
480 1237 613 1305 curam,
649 1212 852 1311 quibuscum
871 1211 1020 1311 plurima
1047 1211 1139 1284 bella
1154 1230 1212 1283 102

226 1336 254 1372 “
267 1331 465 1404 -leraviffetz
485 1331 547 1405 ubi
563 1333 717 1430 primum
729 1361 749 1408 a
761 1336 856 1408 ructu
870 1331 1049 1430 requieffet
1060 1330 1210 1418 animus,

226 1457 254 1493 “
272 1452 432 1524 adiutum
457 1456 552 1550 apud
569 1474 679 1551 patres
712 1455 759 1528 de
776 1452 950 1552 postulatis
978 1475 1126 1524 eorum:
1147 1448 1213 1522 mi·

227 1579 255 1615 “
275 1573 347 1646 srffe
374 1572 514 1646 interim
531 1574 657 1667 filium,
687 1598 726 1649 ut
744 1579 814 1650 fine
841 1572 1060 1649 cunctatione
1089 1562 1214 1644 concess

192 1788 193 1792 Ἰ
227 1701 256 1736 “
274 1696 386 1786 deret,
422 1721 500 1792 quae
516 1695 629 1770 statim
645 1696 751 1771 tribui
784 1699 941 1795 pollent:
960 1712 1073 1768 cetera
1088 1689 1226 1766 senatui,

228 1822 254 1856 “
274 1813 454 1906 servanda,
486 1844 593 1914 quem
610 1843 724 1915 neque
740 1818 873 1916 gratiae,
900 1839 1014 1914 neque
1030 1810 1215 1886 severitatis

229 1943 256 1978 “
274 1957 455 2032 expertem
472 1937 591 2010 haberi
608 1962 670 2034 par
686 1941 779 2011 effet.
798 1940 822 1971 ’'

275 2058 411 2129 XXVI.
441 2059 684 2140 Rnsronsunr
703 2058 751 2131 est
767 2084 787 2131 a
803 2055 986 2143 concione,
1006 2051 1214 2125 “mandata

229 2184 257 2220 “
274 2177 447 2252 Clementi
463 2178 671 2282 centurioni,
699 2205 777 2277 quae
795 2175 972 2276 proferret.
987 2175 1010 2206 '⁹
1026 2175 1059 2246 ls
1077 2170 1214 2245 orditur

230 2307 258 2343 “
277 2301 321 2372 de
338 2298 493 2372 milsrone
511 2327 531 2373 a
547 2299 721 2375 sexdecim
734 2299 830 2374 annis
848 2328 856 2371 :
876 2297 921 2371 de
938 2293 1086 2395 praemiis
1105 2293 1213 2367 finitae

230 2430 258 2465 “
277 2421 431 2495 milit-ia:
461 2442 499 2511 ut
516 2422 675 2497 denarius
692 2422 857 2496 diurnum
872 2417 1082 2517 stipendium
1097 2412 1211 2488 foret:

230 2550 258 2587 “
278 2570 321 2616 ne
350 2542 502 2615 veterani
532 2540 594 2617 sub
622 2545 753 2618 vexillo
786 2546 1005 2617 haberentur.
1023 2540 1047 2570 '¹
1080 2538 1141 2611 Ad
1174 2560 1216 2610 ea

228 2662 373 2771 Drusus,
392 2664 486 2746 ,cum
519 2663 699 2738 arbitrium
728 2664 862 2738 senatus
896 2666 930 2735 δι
960 2659 1063 2759 patris
1090 2660 1216 2734 obten-

229 2787 340 2874 deret,
375 2788 528 2860 clamore
554 2789 722 2859 turbatur.
754 2788 785 2828 ‘⁴'
809 2786 882 2857 Cur
909 2782 1066 2872 veniffet,
1101 2803 1218 2878 nequo

232 2911 260 2947 “
278 2909 450 3005 augendi}
479 2907 630 2981 militum
655 2905 845 3005 stipendiis,
875 2929 989 3005 neque
1014 2901 1220 2977 adlevandis

232 3033 258 3068 “
280 3028 469 3118 laboribus,
500 3030 652 3127 denique
685 3030 780 3103 nullb
796 3025 1034 3103 benefaciendi
1051 3023 1216 3098 licentia?

232 3136 313 3223 “at
330 3151 471 3224 hercule
501 3153 659 3239 verbera,
689 3154 723 3221 δι
742 3174 864 3223 necem
881 3146 1012 3222 cunclis
1038 3142 1215 3243 permitti:

231 3275 258 3310 “
277 3264 461 3345 Tiberium
480 3271 563 3344 olim
582 3269 724 3343 nomine
742 3268 892 3368 Augusti
924 3262 1091 3341 desideria
1108 3262 1218 3363 legio·

231 3396 259 3430 “
279 3416 365 3462 num
385 3392 534 3466 frustrari
550 3390 688 3465 solitum
706 3419 714 3462 :
735 3389 872 3463 easdem
890 3409 977 3463 artes
992 3384 1147 3460 Drusum
1164 3410 1217 3457 re·

231 3517 259 3554 “
276 3509 400 3588 tulill'e.
445 3516 698 3610 Numquamne
715 3513 760 3585 ad
777 3510 809 3584 se
826 3512 887 3584 nist
905 3509 992 3582 filios
1009 3503 1216 3579 familiarum

232 3637 259 3673 “
278 3636 470 3704 venturos?
490 3661 624 3717 novum
641 3635 677 3707 id
694 3632 810 3730 plane,
832 3631 929 3730 qubd
946 3629 1130 3727 imperator
1145 3622 1218 3697 sola

231 3760 259 3796 “
278 3751 396 3826 militis
413 3756 604 3829 commoda
629 3756 672 3829 ad
689 3753 844 3829 senatum
870 3749 1020 3850 rejiciat:
1049 3746 1217 3822 eumdem
