2776 4724
250 330 294 403 1‘6
455 327 497 396 C.
530 324 807 396 Coauuarr
840 321 1053 399 Tncrrr
1102 424 1106 440 Ι

55 544 57 549 ’
163 591 164 596 ,
243 529 388 599 Scaurus
405 520 490 618 quia
505 520 654 613 dixerat,
679 520 817 620 “spem
833 524 901 596 effe
926 546 972 595 cx
994 544 1037 595 eo
1054 545 1126 595 non
1142 523 1228 598 inri-

244 654 273 689 “
298 663 348 719 tas
365 641 437 716 sore
453 639 587 715 senatus
604 668 735 741 preces,
755 642 854 741 quud
869 642 1026 717 relationi
1043 640 1227 719 consulum

244 762 369 863 “jure
404 763 599 843 tribuniciae
637 764 811 862 potestatis
852 791 923 838 non
962 764 1228 838 intercessisset.''

242 889 285 960 ln
318 886 509 960 Haterium
540 885 655 958 statim
672 885 830 959 investus
857 886 929 972 est3
957 887 1138 977 Scaurum,
1168 886 1227 960 cui

242 1005 500 1104 implacabilius
517 1004 735 1097 irascebatur,
766 997 897 1081 silentio
909 1007 1073 1081 tramisit:
1108 1005 1227 1081 fessus·

126 1143 127 1147 ’
243 1153 315 1227 que
332 1129 482 1200 clamore
497 1126 672 1217 omnium,
700 1128 973 1225 expostulatione
998 1131 1226 1228 singulorum,

242 1248 344 1325 flexit
361 1245 558 1345 paullatim,
583 1246 654 1320 non
679 1269 719 1320 ut
737 1248 899 1327 fateretur
914 1246 1037 1347 suscipi
1061 1276 1083 1322 a
1104 1249 1137 1323 se
1158 1249 1227 1323 im·

241 1369 393 1480 perium,
421 1367 480 1449 sed
496 1388 536 1448 ut
552 1393 679 1466 negare
711 1372 745 1442 δι
775 1370 888 1467 rogari
905 1371 1084 1443 desineret.
1132 1371 1228 1442 Con-

243 1491 308 1565 stat
325 1488 528 1580 Haterium,
549 1490 631 1562 clun
648 1490 858 1587 deprecandi
876 1488 975 1563 caula
988 1488 1158 1586 palatium
1174 1489 1228 1563 in·

182 1692 185 1700 ,
243 1611 386 1702 troiffet,
400 1607 679 1708 ambulantisque
688 1609 823 1684 Tiberii
841 1637 957 1710 genua
972 1611 1229 1701 advolveretur,
1273 1666 1277 1673 .
1324 1679 1326 1684 ,

234 1731 354 1829 ,prope
371 1755 392 1803 a
408 1729 581 1803 militibus
593 1728 829 1823 interfectum,
849 1731 932 1829 quia
947 1730 1113 1806 Tiberius
1137 1727 1229 1821 casu,

243 1879 290 1925 an
311 1852 472 1926 manibus
499 1850 570 1950 ejus
597 1851 802 1950 impeditus,
827 1837 832 1846 Χ
844 1853 1041 1951 prociderat
1055 1837 1077 1925 :v
1114 1877 1230 1950 neque

242 1993 362 2048 tamen
379 1973 533 2070 periculo
549 1972 625 2046 talis
650 1972 715 2047 viri
737 1972 916 2071 mitigatus
929 1973 990 2063 est,
1018 1974 1131 2046 donec
1148 1977 1229 2048 Ha·

242 2093 348 2168 terius
374 2094 571 2192 Augustam
600 2113 723 2200 oraret,
750 2089 889 2196 ejusque
908 2090 1123 2174 curatisfimis
1147 2110 1238 2192 pre·'

142 2224 149 2236 ‘
243 2215 342 2291 cibus
372 2235 619 2314 protegeretur.

291 2337 391 2411 XIV.
408 2339 563 2411 Murra
583 2357 722 2435 patrum
739 2340 773 2410 δι
790 2335 826 2409 ln
845 2332 1042 2434 Augustam
1058 2332 1227 2409 adulatio.

245 2457 319 2534 Alii
343 2472 521 2557 parentem,
548 2457 607 2530 alii
636 2472 767 2532 matrem
798 2454 919 2557 patria
955 2456 1228 2555 adpellandam3

245 2576 401 2678 plerique
433 2598 473 2652 ut
502 2578 636 2660 nomini
675 2578 816 2661 Caelaris
847 2577 1105 2669 adscriberetur,
1130 2579 1233 2673 Juliae

117 2730 121 2744 ¹
235 2700 341 2793 filius,
374 2700 569 2774 censebant.
618 2701 682 2776 Ille
714 2700 995 2773 “moderandos
1021 2697 1231 2775 feminarum

249 2828 278 2864 “
296 2823 483 2914 honores,”
508 2820 683 2912 dictitans,
704 2820 955 2921 “eademque
981 2819 1016 2892 se
1032 2839 1230 2919 temperan-

216 2924 219 2953 ἲ
245 2950 275 2985 “
292 2942 340 3016 tia
357 2933 497 3017 usurum
514 2942 551 3016 in
568 2943 622 3016 his
648 2964 730 3041 'quae
747 2941 809 3016 fibi
825 2941 1058 3028 tribuerentur
1071 2942 1109 3028 ;'’
1138 2962 1232 3016 cete-

244 3063 324 3136 rum
340 3063 466 3138 anxius
482 3062 628 3155 invidia,
657 3068 691 3138 δι
711 3064 881 3138 muliebre
902 3051 1079 3162 fastigium
1107 3063 1144 3138 in
1169 3067 1232 3139 de.

244 3184 479 3259 minutionem
494 3181 545 3256 sul
558 3182 746 3281 accipiens,
781 3210 827 3258 ne
855 3185 1014 3263 lidorem
1031 3186 1175 3282 quidem
1199 3186 1232 3263 ei

245 3303 384 3377 decerni
417 3305 531 3402 pall'us
563 3303 636 3376 est:
668 3330 836 3404 aramque
861 3296 1073 3403 adoptionis,
1098 3309 1132 3379 &
1165 3305 1234 3382 alia

186 3420 188 3425 ’
246 3422 486 3520 hujuscemodi
531 3424 720 3524 prohibuit.
781 3432 834 3501 At
863 3425 1075 3501 Germanico
1108 3426 1240 3513 Caesari,

245 3543 485 3642 proconsulare
501 3545 688 3645 imperium
706 3541 844 3645 petivit,
866 3548 1025 3647 miliique
1046 3545 1150 3644 legati
1167 3546 1231 3645 qui

242 3661 427 3752 deferrent,
446 3669 546 3740 fimul
574 3667 771 3743 maestitiam
800 3665 871 3769 ejus
887 3671 936 3743 ob
953 3668 1128 3742 excelsum
1152 3670 1232 3741 Au-

246 3783 336 3894 gusti
352 3778 549 3888 solarentur.
599 3790 799 3893 Qrominus
821 3791 916 3864 idem
932 3814 996 3894 pro
1023 3785 1139 3864 Druso
1165 3814 1229 3892 po-
