2602 4716
402 357 722 427 Aunaaronr
756 351 878 426 er.
912 353 957 428 ΙΙ.
1100 380 1164 462 115

180 506 299 618 atrox,
316 550 363 600 ‘ac
386 523 569 605 dissentire
591 522 807 599 manifestus:
836 552 909 600 vox
930 551 1071 627 quoque
1092 532 1165 630 ejus

186 650 299 724 audita
316 646 416 721 estin
433 643 616 734 convivio,
642 643 726 718 ciam
747 649 843 744 apud
865 669 984 747 regem
1001 651 1163 725 Nabat'ae-

184 757 282 844 orum
310 793 452 842 coronae
485 788 599 840 aureae
631 757 763 864 magno
796 769 950 865 pondere
978 768 1099 844 Caesari
1129 778 1163 846 δι

183 890 406 990 Agrippina,
438 890 550 976 ¹leves
589 885 705 965 Pisoni
737 892 770 961 &
806 886 924 962 ceteris
963 891 1165 965 offerrentur

184 1011 399 1108 “Principis
428 1007 603 1097 Romani,
638 1033 709 1081 non
731 1009 856 1103 Parthi
890 1005 979 1108 regii
1007 1011 1079 1085 filio
1108 1039 1163 1086 eas

184 1130 349 1230 “epulas
382 1129 509 1203 dari:''
552 1125 747 1227 abjecitque
780 1131 878 1203 fimul
912 1157 1092 1223 coronam,
1128 1139 1162 1226 dt

185 1253 296 1326 multa
318 1253 354 1324 in
372 1253 497 1325 luxum
514 1247 665 1338 addidit,
690 1275 768 1348 quae
784 1251 1011 1343 Germanic0,
1038 1280 1162 1351 quam·

188 1394 295 1468 quarn
312 1372 451 1461 acerba,
469 1369 704 1444 tolerabantur
720 1392 849 1443 tamen.
1036 1430 1038 1433 .

234 1478 367 1563 LVIII.
392 1493 515 1563 Inrna
542 1517 619 1589 quae
643 1493 688 1564 ab
716 1513 798 1589 rege
822 1492 1032 1567 Parthorum
1059 1498 1161 1580 Arta·

188 1612 280 1684 bano
305 1610 412 1709 legati
434 1612 581 1685 venere:
612 1610 747 1684 miserat
775 1612 1007 1685 “amicitiam
1031 1640 1071 1686 ac
1094 1613 1161 1686 foe-

187 1739 215 1775 “
232 1734 322 1805 dus'’
346 1752 609 1825 memoraturus,
636 1736 668 1804 &
695 1738 867 1829 “cupere
890 1733 1048 1808 renovari
1075 1735 1161 1810 dex·

187 1861 214 1897 “
233 1848 316 1943 tra‘s,
343 1853 577 1949 daturumque
601 1851 723 1958 honori
737 1853 1028 1944 xGermanici,·ut
1049 1855 1162 1952 ripam

189 1970 425 2071 “Euphratis
453 1973 653 2046 accederet:
686 1992 803 2070 petere
830 1971 985 2065 interim,
1015 2001 1059 2050 ne
1088 1979 1162 2050 Vo-

155 2091 163 2122 ⁵
186 2100 213 2136 “
230 2118 339 2167 nones
356 2093 393 2165 in
409 2092 506 2190 Syria
522 2094 721 2181 haberetur,
739 2114 808 2167 neu
825 2119 985 2190 proceres
1003 2098 1161 2196 gentium

99 2294 102 2300 Α
185 2221 213 2257 “
232 2212 438 2313 propinquis
454 2212 584 2286 nuntiis
601 2215 647 2286 ad
664 2210 848 2288 discordias
864 2217 1050 2290 traheret.’'
1100 2221 1161 2291 Ad

182 2358 222 2408 ea
236 2334 481 2423 Germanicus,
504 2335 550 2406 de
567 2331 727 2407 societate
751 2337 996 2408 Romanorum
1015 2337 1161 2412 Partho·

183 2481 346 2554 rumque,
376 2454 588 2552 magnifice:
628 2455 673 2527 de
697 2454 852 2527 adventu
880 2453 972 2553 regis
1000 2455 1160 2542 &cultu

183 2573 249 2663 sui,
275 2600 357 2647 cum
373 2573 500 2647 decore
517 2599 557 2657 ac
574 2573 743 2647 modestia
759 2570 943 2671 respondit.
993 2577 1161 2648 Vonones
1214 2608 1217 2618 ·
1250 2571 1265 2644 ⁹.

184 2692 479 2792 Pompeiopolim,
497 2693 627 2769 Ciliciae
645 2694 852 2768 maritimam
870 2698 1008 2785 urbem,
1026 2714 1161 2768 amotus

185 2812 257 2885 est:
283 2814 405 2887 datum
426 2813 463 2886 id
486 2840 558 2887 non
580 2814 691 2889 modo
714 2814 875 2913 precibus
891 2815 1079 2905 Artabani,
1102 2815 1161 2888 scd

186 2934 406 3006 contumeliae
433 2932 579 3034 Pisonis,
605 2934 662 3009 cui
689 2934 893 3034 gratiffimus
916 2954 987 3007 erat
1010 2936 1057 3008 ob
1082 2936 1159 3032 plu·

184 3051 273 3124 rima
297 3052 412 3124 officia
436 3057 470 3125 a
498 3054 605 3145 dona,
631 3036 986 3154 quibus'Plancinam
1011 3047 1160 3129 devinx-

184 3194 270 3247 erat.
1019 3218 1022 3225 ·

149 3280 154 3303 ’
208 3293 311 3367 LIX.
334 3294 390 3365 M.
406 3297 573 3386 smnio,
591 3297 637 3370 L.
654 3296 827 3371 Norbano
844 3295 1054 3385 consulibus,
1072 3294 1159 3370 Ger-

183 3410 343 3487 manicus
358 3414 558 3512 AEgyptum
577 3418 816 3514 proficiscitur,
834 3416 1083 3515 cognoscenda
1100 3442 1160 3491 an-

183 3533 368 3631 tiquitatis:
388 3533 446 3608 sed
458 3560 539 3608 cura
551 3537 741 3633 provinciae
755 3539 1045 3635 praetendebatur:
1066 3539 1159 3612 leva-

185 3655 320 3753 vitque,
342 3655 467 3752 apertis
485 3654 630 3745 horreis,
658 3659 767 3754 pretia
784 3658 949 3754 frugum:
979 3661 1160 3755 multaque

184 3773 220 3846 in
248 3777 377 3875 vulgus
408 3795 504 3874 grata
530 3775 722 3873 usurpavit,
757 3780 825 3851 fine
850 3778 960 3855 milite
987 3777 1158 3861 incedere,

648 3896 663 3965 I
692 3920 712 3967 z
