2834 4732
278 355 346 423 114
490 335 530 407 C.
565 336 835 414 Conunnrr
869 341 1074 419 Tvacrrr

272 522 398 603 filium,
423 515 522 613 qudd
543 514 570 588 is
595 514 705 612 prims
724 517 770 589 ab
786 515 927 592 infantis
952 517 1108 594 instituta
1120 529 1154 598 δι
1172 527 1247 601 cul.

271 662 347 713 turn
376 636 629 711 Armeniorum
658 637 853 728 aemulatus,
884 659 1024 731 venatu,
1053 642 1179 738 epulis,
1211 651 1246 723 ὃς

271 786 349 858 quae
377 759 443 831 alia
471 757 607 831 barbari
635 759 825 850 celebrant,
849 783 1010 856 proceres
1033 761 1247 862 plebemque
1292 812 1295 817 v

260 878 366 979 juxti
384 879 600 951 devinxerat.
646 878 756 975 Igitur
772 878 1001 953 Gemranicus
1017 881 1054 954 in
1070 884 1159 957 urbe
1174 888 1243 957 Ar·
1351 896 1352 901 ’

267 1003 396 1090 taxati,
410 998 683 1096 adprobantibus
696 999 885 1090 nobilibus,
900 999 1109 1076 circumfusas
1125 1005 1241 1078 multi-

187 1194 197 1203 ,
249 1120 402 1210 tudine,
416 1118 550 1219 insigne
567 1119 706 1218 regium
723 1119 826 1214 capiti
843 1115 916 1217 ejus
933 1119 1115 1219 imposuit:
1139 1125 1243 1199 ceteri
1279 1180 1283 1191 .

264 1260 467 1314 venerantes
490 1266 625 1339 regem,
651 1241 819 1312 Artaxiam
841 1239 1119 1329 consalutavsre3
1147 1247 1244 1341 quod

263 1359 314 1432 illi
342 1363 554 1435 vocabulum
583 1360 781 1434 indiderant
802 1386 847 1433 ex
872 1361 1015 1434 nomine
1037 1363 1141 1436 urbis.
1192 1370 1244 1439 At

262 1482 505 1580 Cappadoces,
523 1482 559 1555 in
576 1481 725 1554 sormam
743 1480 929 1579 provinciae
947 1483 1090 1573 rededi,
1109 1487 1240 1583 QVe·

263 1601 399 1676 ranium
426 1606 580 1702 legamm
606 1603 793 1697 accepdre:
822 1607 856 1675 δι
882 1603 1046 1699 quadam
1068 1629 1112 1676 ex
1136 1604 1239 1704 regiis

262 1723 397 1796 tributis
425 1723 618 1811 deminuta,
649 1719 722 1817 qud
748 1721 866 1796 mitius
897 1726 1104 1797 Romanum
1130 1725 1240 1822 impe-

260 1842 352 1914 rium
377 1841 578 1938 speraretur.
629 1842 877 1939 Commagenis
898 1847 955 1943 Q
969 1846 1127 1918 Servaeus
1150 1871 1239 1942 prae·

259 1960 418 2056 ponitur,
433 1981 511 2031 turn
528 1958 683 2055 primum
699 1958 812 2055 adjus
829 1963 983 2056 praetoris
1000 1950 1179 2037 translatis.

306 2080 422 2151 LVll.
435 2079 687 2162 Cunctaque
705 2075 838 2149 socialia
854 2077 1014 2175 prospere
1031 2087 1235 2177 composita,

257 2225 329 2272 non
347 2199 427 2271 ideo
443 2199 561 2271 laetum
579 2195 832 2271 Germanicum
848 2198 1036 2288 habebant,
1053 2202 1101 2273 ob
1118 2199 1236 2299 super·

188 2362 192 2371 ·
257 2320 353 2392 biam
379 2318 525 2411 Pisonis,
555 2318 616 2416 qui
634 2316 745 2416 juffus
774 2338 908 2415 partem
937 2318 1119 2416 legionum
1148 2320 1234 2419 ipse,

254 2460 315 2514 aut
327 2464 389 2537 per
399 2437 511 2512 filium
524 2439 560 2512 in
573 2440 776 2513 Armeniam
788 2440 930 2528 ducere,
947 2459 1139 2536 utrumque
1150 2465 1236 2539 neg·

162 2589 164 2596 '
255 2563 398 2634 lexerat.
447 2559 572 2656 Cyrrhi
604 2562 750 2634 demum
778 2561 878 2658 apud·
901 2558 1048 2633 hiberna
1078 2561 1236 2636 decumae

256 2681 405 2780 legionis
433 2683 641 2771 convendre,
671 2684 809 2754 firmato
831 2682 944 2771 vultu,
971 2679 1048 2754 Piso
1072 2682 1237 2756 adversus

256 2823 404 2892 metum,
418 2801 649 2875 Germanicus
666 2827 709 2874 ne
722 2800 844 2873 minari
861 2802 1073 2887 crederetur3
1098 2807 1131 2874 δι
1151 2825 1236 2894 erat,

257 2943 297 2993 ut
322 2922 438 3013 retuli,
464 2921 691 2996 clementior:
721 2919 778 2994 sed
801 2920 904 2994 amici
929 2924 1160 2999 accendendis
1182 2924 1236 2998 os·

253 3041 465 3116 sensionibus
482 3042 614 3131 callidi,
637 3041 817 3114 intendere
837 3068 933 3131 vera,
954 3044 1122 3142 'adgerere
1139 3043 1232 3134 falsa,

256 3162 439 3260 ipsumque
459 3167 520 3260 ''&4
541 3162 760 3251 Plancinam,
792 3168 826 3235 dr
860 3163 949 3236 filios
982 3165 1084 3238 variis
1118 3165 1232 3239 modis

253 3283 437 3357 criminari.
487 3281 667 3355 Postremi)
690 3282 808 3378 paucis
830 3281 1053 3357 familiarium
1070 3285 1233 3359 adhibitis

252 3401 365 3475 sermo
381 3425 518 3500 coeptus
535 3429 555 3475 a
570 3399 716 3491 Caesare,
736 3403 876 3498 qualem
892 3403 941 3477 ira
958 3408 991 3477 δι
1009 3405 1229 3479 dissunulatio

253 3521 389 3621 gignit:
417 3518 616 3621 responsum
640 3548 661 3594 a
684 3520 806 3597 Pisone
832 3524 991 3621 precibus
1015 3524 1229 3599 contumaci-

253 3647 332 3733 bus,
363 3641 649 3741 discesseruntque
671 3643 800 3739 opertis
823 3643 935 3718 odiis:
968 3645 1110 3741 postque
1134 3668 1231 3718 rarus

251 3766 287 3839 in
310 3761 473 3838 tribunali
496 3762 634 3838 Caesaris
654 3763 733 3837 Piso
739 3791 750 3852 3
781 3768 813 3836 δι
839 3768 861 3838 sr
883 3765 1024 3863 quando
1045 3762 1228 3858 adsrderet,
