2760 4718
372 356 688 460 Annnnruu
714 355 829 426 Lrn.
855 353 918 425 IV.
1069 364 1139 451 2'45

153 530 287 630 junxit,
323 531 533 629 plerumque
558 554 793 628 permoveor,
833 552 920 600 num
952 526 997 596 ad
1030 524 1151 622 ipsum¹

148 651 279 726 ,referri
309 650 425 724 verius
461 656 511 742 sir,
554 648 720 724 saevitiam
752 674 792 721 ac
829 645 1027 735 libidinem,
1061 647 1146 720 curn

42 825 49 831 -
161 773 260 845 sadis
293 792 484 869 promeret,
521 770 606 843 locis
643 771 890 843 occultantem.
949 767 1058 851 Erant
1086 765 1146 863 qui

146 894 354 982 crederent,
381 891 418 965 in
439 889 612 969 senestute
640 887 796 987 corporis
819 912 961 985 quoque
989 886 1147 961 habitum

162 1012 289 1110 pudori
316 1010 415 1085 fuisse
431 1039 443 1083 r.
469 1009 600 1108 quippe
626 1007 677 1081 illi
705 1006 912 1105 praegracilis
940 1010 973 1078 ἃ
1003 1005 1148 1078 incurva

163 1131 364 1232 proceritas,
394 1131 508 1203 nudus
534 1130 660 1226 capillo
686 1149 820 1217 vertex,
853 1126 1005 1200 ulcerosa
1029 1125 1145 1215 facies,

162 1279 203 1327 ac
225 1254 430 1350 plerumque
443 1240 731 1323 medicaminibus
743 1247 970 1320 interstincta:
992 1253 1024 1320 δι
1046 1249 1147 1322 Rho·

163 1371 200 1444 di
219 1371 363 1463 secreto,
391 1371 498 1443 vitare
522 1390 647 1459 coetus,
674 1369 861 1442 recondere
879 1368 1077 1465 voluptates
1096 1368 1148 1440 in-

166 1491 288 1567 suerat.
354 1490 520 1564 Traditur
556 1490 661 1562 etiam
696 1488 814 1561 marris
848 1488 1055 1585 impotentias
1087 1514 1149 1565 ex·

166 1610 312 1702 trusum,
343 1638 450 1710 quam
472 1608 719 1684 dominationis
743 1607 871 1681 sociam
889 1608 1148 1704 aspernabatur,

166 1757 282 1830 neque
305 1733 476 1830 depellere
503 1750 649 1829 poterat,
678 1729 759 1803 cirm
789 1729 1068 1802 dominationem
1097 1729 1149 1827 ip-

166 1851 239 1926 sam
272 1854 409 1926 donum
441 1850 513 1950 ejus
546 1848 736 1946 accepisset.
803 1851 900 1921 Nam
933 1850 1152 1924 dubitaverat

169 1973 352 2073 Augustus
369 1970 620 2048 Germanicum
649 1969 770 2043 sororis
794 1991 974 2067 nepotem,
994 1975 1028 2048 δι
1047 1996 1152 2052 cunc.
1175 1968 1176 1972 ’

167 2094 210 2167 tis
239 2095 434 2183 laudatum,
463 2091 511 2165 rel
538 2095 712 2166 Romana
736 2090 938 2188 imponere:
984 2092 1041 2166 sed
1075 2121 1152 2190 pre·

167 2215 265 2288 cibus
296 2212 414 2289 uxoris
447 2211 593 2303 cristus,
622 2204 771 2285 Tiberio
796 2214 1063 2305 Germanicum,
1092 2216 1153 2290 fibi

167 2335 353 2436 Tiberium
381 2330 539 2407 adscivit.
599 2333 713 2431 quue
728 2331 890 2429 Augusta
907 2336 1154 2430 exprobrabat,

168 2453 381 2553 reposcebat.

219 2572 616 2647 LVIll.Pnorracr1o
643 2575 739 2648 ardo
764 2573 932 2659 comitatu
956 2572 1038 2648 fuit:
1066 2602 1157 2650 unus
1192 2657 1193 2662 ,

171 2692 306 2767 senator
334 2691 512 2766 consulatu
544 2692 697 2786 functus,
735 2695 904 2769 Cocceius
937 2697 1070 2786 Nerva,
1101 2699 1158 2769 cui

172 2816 293 2912 legum
311 2811 453 2912 peritia;
480 2839 587 2912 eques
605 2819 803 2906 Romanus,
828 2838 951 2913 prater
979 2812 1156 2912 Sejanum,
1244 2803 1246 2806 ’

171 2959 219 3007 ex
248 2932 449 3007 inlustribus
475 2935 615 3008 Curtius
635 2935 800 3014 Atticus:
827 2935 930 3009 ceteri
959 2934 1157 3009 liberalibus

125 3154 127 3159 ,
173 3053 292 3129 studiis
318 3053 466 3152 praediri,
493 3052 601 3128 serme
626 3055 754 3145 Graeci,
774 3054 1157 3153 quorumsermonibus

88 3165 97 3216 Δ·
174 3177 355 3249 levaretur.
405 3174 700 3272 Ferebant=perlri
732 3176 934 3266 celestium,
962 3183 989 3218 “
1015 3174 1055 3248 iis
1081 3201 1158 3247 mo·

174 3296 313 3369 “tibus
345 3297 493 3369 siderum
527 3295 699 3369 excessisse
736 3290 854 3370 Romal
881 3295 1082 3387 Tiberium,
1117 3317 1179 3371 ut¹

174 3425 203 3460 “
223 3417 351 3491 reditus
373 3416 424 3488 illi
449 3437 630 3514 negaretur
644 3419 679 3488 :”
703 3418 798 3489 unde
819 3415 916 3489 exitii
943 3415 1040 3491 causa
1064 3420 1156 3491 mul-

173 3537 218 3611 tis
235 3536 315 3626 suit,
342 3562 527 3633 properum
550 3538 657 3608 finem
675 3535 753 3609 vitae
771 3534 1056 3634 conjectantibus,
1079 3541 1157 3612 vul·

175 3654 426 3757 gantibtlsque:
452 3656 675 3754 nequeenim
694 3678 766 3730 tarn
783 3656 1024 3732 incredibilem
1042 3659 1158 3735 casum
1193 3671 1199 3686 ”
1220 3727 1231 3753 ,

176 3778 426 3882 providebant,
470 3798 509 3850 ut
538 3776 701 3851 undecim
730 3803 792 3876 per
818 3803 928 3857 annos
952 3777 1063 3855 libens
1094 3805 1157 3883 pa·
1208 3880 1210 3883 Ι

606 3901 690 4002 Ra
