2776 4724
258 361 305 431 ιο
451 335 493 406 C.
526 333 806 405 Conurrrr
840 331 1051 406 Tacrrr

308 511 785 585 XIX.AocanrsA·run
837 506 1061 580 nihilominus
1110 507 1239 606 cespes,

252 629 396 733 jamque
428 629 559 728 pectori
591 626 698 727 usque
731 629 941 719 adcreverat,
984 628 1066 701 cbm
1097 628 1242 702 tandem

258 750 448 850 pervicacis
472 750 555 823 visti
573 750 768 848 incoeptum
785 750 942 824 omisere.
992 746 1116 823 Blaesus
1132 749 1242 854 mults
1277 831 1281 854 Ι

145 891 147 895 ‘
257 872 395 946 dicendi
413 892 497 960 arte,
530 879 557 914 “
568 866 661 945 ¹Non
690 896 750 969 per
766 869 968 944 seditionem
986 873 1020 942 &
1038 870 1154 944 turbas
1179 872 1240 944 de·

260 1003 288 1037 ‘¹
307 992 425 1068 sideria
441 991 593 1068 militum
606 993 650 1064 ad
661 990 828 1068 caesarem
846 991 1026 1081 serenda,’'
1041 989 1111 1063 ait:
1139 998 1167 1034 ‘⁴
1180 1016 1241 1066 ne·

260 1122 287 1158 “
307 1132 375 1212 que
388 1133 518 1191 veteres
535 1116 580 1186 ab
597 1112 859 1210 imperatoribus
877 1111 1004 1211 priscis
1022 1136 1137 1210 neque
1153 1110 1242 1210 ipsos

260 1244 287 1280 “
305 1263 326 1309 a
341 1222 426 1309 divo
444 1234 604 1332 Augusto
620 1254 694 1307 tam
711 1260 803 1307 nova
820 1226 973 1332 petivisse
987 1238 1050 1325 r&
1068 1258 1190 1331 pamm
1206 1233 1243 1306 in

233 1456 237 1457 7
261 1364 288 1399 “
307 1376 464 1453 tempore
482 1355 683 1453 incipientes
708 1355 876 1454 Principis
893 1380 990 1429 curas
1017 1355 1161 1428 onerari.
1209 1352 1245 1426 si

260 1484 288 1521 “
306 1496 424 1551 tamen
436 1479 616 1552 tenderent
630 1477 664 1548 in
678 1500 762 1574 pace
774 1495 918 1566 tentare,
937 1501 1016 1573 quae
1035 1501 1079 1549 ne
1091 1474 1245 1583 civilium

150 1655 159 1670 .
261 1599 452 1697 “quidem
481 1600 653 1672 bellorum
686 1596 833 1671 vidores
850 1597 1143 1694 expostulaverint
1157 1593 1246 1684 {cur

261 1726 288 1761 “
307 1738 427 1792 contra
455 1744 589 1791 morem
617 1716 786 1816 obsequii,
818 1739 938 1792 contra
966 1718 1025 1793 sas·
1044 1717 1243 1816 discipline,

262 1831 289 1881 “
308 1838 384 1912 vim
399 1838 631 1942 meditentur?
651 1840 874 1913 decernerent
891 1842 1037 1939 legatos,
1067 1839 1170 1938 seque
1186 1865 1245 1913 co·

262 1965 289 2001 “
307 1985 380 2031 ram
398 1959 562 2032 mandata
574 1960 732 2033 darent.’'
766 1962 1033 2050 Adclamavere‚
1054 1968 1083 2003 “
1100 1979 1138 2032 ut
1155 1961 1244 2033 filius

260 2086 289 2121 “
306 2080 414 2167 Blaesi,
445 2077 615 2172 tribunus,
650 2080 826 2179 legatione
854 2084 893 2155 erl
908 2080 1121 2176 fungeretur,
1148 2100 1243 2177 pete·

262 2206 289 2242 “
308 2219 428 2296 retque
454 2198 622 2274 militibus
640 2200 833 2277 militonem
859 2203 904 2275 ab
929 2198 1102 2274 sexdecim
1119 2199 1241 2274 annis:
1257 2229 1260 2234 ·

262 2326 419 2393 “cetera
451 2323 688 2414 mandaturos,
730 2323 790 2398 ubi
834 2322 950 2421 prima
977 2320 1247 2420 proveniffent.’'

260 2439 421 2515 Profecto
439 2441 584 2540 juverre,
616 2444 795 2520 modicum
822 2444 960 2518 otium:
985 2442 1046 2516 sed
1073 2440 1246 2540 superbire

261 2562 374 2652 miles,
405 2563 501 2662 qubd
530 2565 621 2638 filius
655 2565 772 2665 legati,
802 2587 918 2640 orator
945 2564 1094 2663 publicae
1123 2562 1246 2656 causae,

261 2683 337 2757 satis
354 2685 559 2776 ostenderet,
590 2690 781 2760 neceffitate
797 2687 966 2784 expressa,
997 2712 1076 2784 quae
1093 2711 1155 2783 per
1170 2713 1248 2761 mo·

261 2805 404 2883 destiam
423 2832 493 2879 non
511 2807 743 2888 obtinuissent.
1072 2884 1074 2897 ,

311 2930 396 3000 XX.
429 2932 610 3003 turrim
628 2927 809 3025 manipuli,
841 2949 922 3001 ante
939 2946 1094 3025 coeptam
1110 2925 1250 3004 seditio·

205 3070 209 3074 ’
262 3074 344 3121 nem
356 3049 579 3145 Nauportum
597 3050 684 3122 miffi
702 3052 749 3123 ob
760 3049 893 3140 itinera,
909 3053 942 3126 δι
960 3066 1098 3147 pontes,
1119 3049 1249 3123 &alios
1277 3041 1281 3046 ’

253 3166 367 3258 usus,
384 3169 567 3266 postquam
584 3173 761 3244 turbatum
779 3171 813 3243 in
832 3171 945 3244 castris
963 3172 1140 3275 accepere,
1164 3195 1249 3247 vex-

262 3287 322 3359 illa
338 3291 564 3363 convellunt:
584 3288 791 3388 direptisque
804 3290 972 3387 proximis
989 3271 1089 3380 vicis,¹
1107 3289 1251 3388 ipsoque

262 3408 462 3504 Nauporto,
493 3412 591 3509 quod
623 3409 803 3508 municipii
820 3410 922 3485 instar
948 3430 1032 3499 erat,
1067 3411 1250 3484 retinentes

263 3527 479 3604 centuriones
495 3528 597 3605 inrisu
615 3535 649 3605 ὅτ
666 3532 899 3624 contumeliis,
932 3530 1105 3631 postremd
1128 3531 1255 3601 verba

263 3649 356 3722 ribus
374 3648 601 3725 insedantur:
622 3652 792 3750 praecipui
810 3654 844 3725 in
857 3654 1085 3727 Aufidienum
1097 3647 1250 3739 Rufum,
1314 3670 1323 3684 ·

264 3767 463 3871 praefectum
497 3773 697 3865 alborum,
731 3774 792 3874 ira,
829 3799 935 3872 quem
952 3775 1134 3875 dereptum
1152 3769 1250 3851 vehi=
