2834 4732
257 373 302 445 52
416 351 420 411 ζ
494 343 535 415 C.
558 342 798 414 Conuanu
832 343 1015 418 Tncrrr

254 521 370 594 Prima
383 516 463 590 Vari
486 516 606 605 castra,
632 518 701 587 lato
726 514 876 605 ambitu,
901 518 934 588 δι
956 517 1119 592 dimensis
1141 520 1236 616 prin-

255 640 364 736 cipiis,
392 638 498 712 trium
526 637 709 735 legionum
736 663 861 724 manua
884 635 1124 711 ostentabant:
1154 642 1238 714 dein
1330 692 1340 710 ,

254 759 416 833 semiruto
438 761 547 849 vallo,
578 758 702 832 humili
721 756 821 847 fosszl,
849 756 966 831 accisae
979 756 1055 856 jam
1078 759 1236 857 reliquiae

253 880 439 959 consedisse
465 880 774 978 intelligebantur:
808 878 926 952 medio
949 879 1064 976 campi
1081 881 1236 955 albentia

253 1006 338 1093 olla,
367 1023 405 1076 ut
421 1001 598 1101 fugerant,
617 1021 656 1079 ut
673 1000 875 1089 restiterant,
895 998 1036 1098 disjecta
1053 1002 1110 1073 vel
1127 1027 1236 1100 agge·

245 1113 348 1198 rata:
379 1121 585 1221 adjacebant
610 1120 785 1222 fragmina
796 1125 964 1211 telorum,
990 1147 1241 1220 equorumque

252 1266 362 1337 artus,
372 1247 471 1319 fimul
484 1243 616 1318 truncis
626 1247 789 1324 arborum
800 1246 953 1316 antefixa
963 1269 1022 1316 ora
1030 1274 1041 1330 ;
1056 1243 1143 1317 lucis
1154 1270 1235 1340 pro·

250 1367 393 1465 pinquis
407 1370 559 1442 barbarae
577 1389 666 1454 arae‚‘
682 1367 777 1461 apud
796 1391 881 1463 quas
898 1365 1074 1454 tribunos,
1101 1391 1142 1437 ac
1167 1363 1235 1462 pri-

254 1514 394 1562 morum
440 1487 607 1560 ordinum
630 1487 866 1575 ¹centuriones
900 1488 1161 1579 maclaverant:
1204 1490 1239 1559 δι
1300 1527 1315 1539 ν

253 1609 364 1682 cladis
389 1609 460 1707 ejus
479 1608 674 1705 superstites
697 1635 855 1707 pugnam
882 1629 942 1683 aut
958 1608 1099 1681 vincula
1121 1607 1237 1703 elapsi,

253 1728 461 1819 referebant,
499 1737 526 1772 “
545 1731 621 1802 hle¹
640 1729 799 1803 cecidille
828 1730 963 1828 legatos
976 1758 987 1815 ;
1019 1729 1092 1801 illic
1126 1748 1239 1824 raptas

255 1857 283 1893 “
301 1851 457 1947 aquilas;
493 1850 648 1946 primum
684 1850 745 1924 ubi
779 1853 907 1936 vulnus
932 1854 1027 1925 Varo
1048 1852 1213 1925 adactum
1226 1878 1238 1936 ;

256 1969 363 2043 “ubi
387 1969 517 2042 infelici
542 1972 678 2059 dextra,
703 1970 819 2042 &suo
841 1971 913 2042 inu
926 1991 1076 2044 mortem
1094 1971 1239 2044 invene-

254 2096 283 2132 “
301 2089 368 2174 rit;
394 2116 466 2188 quo
479 2088 643 2162 tribunali
662 2089 887 2163 concionatus
911 2088 1096 2185 Arminius
1107 2118 1118 2175 ;
1147 2086 1240 2188 quot*

256 2217 284 2257 “
303 2210 458 2308 patibula
475 2200 649 2307 captivis}
665 2234 746 2308 quae
762 2209 896 2285 scrobes
913 2240 923 2296 ;
949 2229 1058 2308 utque
1075 2209 1180 2308 signis
1202 2215 1237 2285 ὅτ

148 2356 149 2363 1
257 2330 424 2429 “aquilis
449 2357 509 2429 per
529 2330 727 2429 superbiam
753 2329 943 2406 inluserit.'’

303 2454 421 2527 LXII.
447 2454 589 2526 lorrun
609 2456 808 2543 Romnum,
827 2453 888 2553 qui
901 2454 1031 2544 aderat,
1050 2452 1235 2545 exercitus,

254 2574 389 2648 sextum
413 2574 488 2671 post
506 2571 611 2652 cladis
629 2601 775 2665 annum,
810 2575 916 2648 trium
930 2575 1126 2674 ‘legionum
1154 2579 1238 2667 offa,

146 2684 152 2691 ⁸
245 2689 355 2769 'nullo
374 2694 534 2769 noscente
551 2696 676 2768 alienas
694 2695 853 2793 reliquias
887 2722 930 2776 an
962 2695 1101 2771 suorum
1130 2699 1240 2771 humo

213 2843 215 2846 ·
255 2832 405 2916 tegeret,
424 2820 546 2921 omnen
573 2837 612 2890 ut
642 2814 859 2915 conjunctoS,
893 2837 932 2890 ut
949 2817 1239 2917 consanguineos,
1284 2870 1287 2876 ,

255 2940 356 3011 aucta
372 2938 408 3010 in
425 2938 560 3012 hostem
577 2938 638 3028 ital,
658 2937 767 3012 maesti
785 2939 885 3011 simul
911 2941 944 3010 ἃ
969 2937 1092 3012 infensi
1109 2941 1240 3013 conde-

255 3060 353 3132 bant.
404 3058 565 3131 Primum
583 3059 792 3140 exstruendo
809 3041 947 3135 tumulo
976 3058 1139 3158 cespitem
1164 3044 1240 3134 Cae-

254 3177 306 3253 sar
335 3178 460 3276 posuit,
503 3179 691 3277 gratissimo
720 3208 865 3256 munere
896 3181 934 3262 in
961 3180 1156 3271 defunctos,
1205 3183 1240 3253 ὅτ

256 3300 481 3394 praesentibus
510 3299 640 3387 doloris
674 3298 794 3377 socius.
845 3303 953 3400 Qiod
981 3300 1125 3374 Tiberio
1147 3301 1241 3374 haud

256 3421 446 3513 probatum
461 3450 471 3505 ;
503 3418 561 3499 seu
579 3423 702 3495 cuncla
719 3423 918 3497 Germanici
943 3423 980 3496 in
1007 3422 1157 3497 deterius
1173 3442 1239 3493 tra-

256 3538 353 3610 henti
368 3566 379 3622 ;
412 3543 479 3612 five
506 3541 696 3615 exereitum
726 3542 879 3642 imagine
907 3532 1238 3636 caesoruminsepul-

252 3679 441 3755 torumque
474 3663 648 3736 tardatum
677 3664 722 3736 ad
749 3664 885 3762 proelia,
921 3669 954 3737 δι
983 3661 1237 3734 formidolosio-

255 3806 331 3859 rem
378 3778 529 3855 hostium
569 3784 760 3860 credebat:
810 3793 970 3883 “neque
993 3783 1239 3879 imperatorem
