2834 4732
259 350 326 423 ¹30
464 319 1058 392 C.Conuua11*Tnc1rr
1168 390 1171 397 ,

255 497 411 598 agrestia,
434 494 479 567 ad
495 492 648 567 subitum
663 492 762 595 usum
782 496 994 591 properata
1026 495 1080 567 Ut
1105 495 1236 569 venere
1309 544 1311 551 „

148 674 152 679 .
255 620 291 693 in
307 642 443 704 manus,
462 641 534 687 non
551 615 640 688 ultr&
667 614 882 705 dubitatum,
916 617 1024 714 quim
1046 617 1134 689 dum
1158 622 1236 692 Ro-

254 764 364 813 manae
387 737 549 810 cohortes
583 735 619 808 in
650 762 793 833 aequum
821 735 1057 810 eniterentur:
1095 756 1237 810 vertunt

253 879 352 956 terga
366 857 509 947 Cilices,
536 854 641 953 seque
658 848 797 930 castello
815 857 995 931 claudunt.

301 979 477 1053 LXXXI.
503 979 682 1051 Iurunru
704 975 783 1050 Piso
813 979 967 1069 classem,
997 979 1091 1051 haud
1110 980 1234 1076 procul
1250 967 1259 994 ³

252 1098 508 1197 opperientem,
527 1100 730 1198 adpugnare
755 1097 879 1172 frustra
906 1099 1078 1173 tentavit:
1107 1097 1235 1198 regres-

252 1217 387 1316 susque,
423 1224 457 1292 &
486 1247 550 1318 pro
576 1219 686 1293 muris
722 1220 829 1294 modo
867 1218 975 1294 semet
1008 1219 1234 1312 adflidiando,
1306 1258 1309 1270 ·

252 1341 362 1414 modb
392 1344 546 1440 singulos
586 1341 733 1415 nomine
758 1343 868 1433 ciens,
903 1341 1057 1440 praemiis
1091 1367 1257 1431 vocans,

252 1461 457 1536 seditionem
488 1466 692 1560 coeptabat3
728 1446 888 1561 adeoque
916 1484 1170 1551 commoverat,
1196 1482 1237 1537 ut

254 1583 394 1682 signifer
410 1582 558 1681 legionis
575 1583 679 1658 sextae
697 1587 834 1684 signum
851 1586 896 1659 ad
913 1611 994 1659 eum
1015 1581 1236 1660 transtulerit.
1260 1605 1264 1614 ’

253 1707 351 1780 Tum
389 1703 523 1779 Sentius
565 1711 777 1779 “occanere
818 1732 947 1780 cornua
974 1703 1157 1803 tubasque,
1201 1709 1235 1779 &

256 1835 284 1871 “
303 1827 374 1924 peti
390 1850 569 1925 aggerem,
595 1824 681 1924 erigi
698 1824 827 1899 scalas'’
848 1825 956 1925 jussit,
986 1833 1014 1870 “
1031 1853 1072 1901 ac
1090 1852 1236 1925 promp-
1258 1818 1260 1829 ’

255 1955 283 1990 “
302 1947 468 2021 tiffimrun
494 1971 672 2045 quemque
693 1944 901 2027 succedere:
938 1946 1024 2019 alios
1051 1947 1235 2021 tormentis

257 2073 285 2108 “
303 2067 429 2159 hastas,
448 2067 543 2157 saxa,
568 2065 708 2141 &faces
725 2064 918 2163 ingerere.''
944 2067 1123 2157 Tandem,
1147 2066 1239 2140 vieni

254 2187 453 2286 pertinacia,
496 2165 580 2261 Piso¹
628 2185 754 2277 oravit,
793 2190 820 2242 “
838 2185 907 2275 uti,
942 2184 1077 2258 traditis
1115 2185 1235 2277 armis,

259 2314 287 2350 “
306 2328 462 2381 maneret
490 2306 528 2380 in
549 2299 705 2399 castello,
741 2308 829 2380 dum
856 2304 980 2396 Caesar,
1016 2305 1074 2379 cui
1101 2305 1238 2402 Syriam
1349 2307 1351 2310 ⁴

178 2467 182 2471 ·
259 2434 288 2479 ‹“
307 2426 531 2525 permitteret,
555 2427 778 2502 consulitur.’'
827 2429 914 2500 Non
944 2447 1090 2524 receptae
1115 2426 1238 2500 condi·

257 2547 394 2621 tiones:
421 2573 486 2622 nec
503 2548 612 2638 aliud,
644 2549 761 2646 qubm'
776 2574 883 2627 naves
909 2553 942 2629 ὃς
966 2568 1080 2626 tutum
1105 2548 1142 2624 in
1166 2551 1240 2628 Ur-

259 2671 344 2743 bem
361 2668 437 2758 iter‚
453 2671 662 2746 ,concessum
680 2669 740 2742 est.

317 2791 512 2863 LXXXII.
553 2795 612 2869 Ar
638 2794 786 2881 Romu,
830 2793 1018 2889 postquam
1039 2792 1240 2867 Germanici

205 2932 221 2988 ‚⁴
258 2911 423 2983 valetudo
440 2911 650 3007 percrebuit,
676 2913 885 3011 cunctaque,
911 2933 951 2986 ut
967 2938 1012 2985 ex
1029 2913 1240 3012 longinqnn,
1309 2940 1311 2947 ’

258 3030 359 3103 auda
388 3027 425 3106 in
461 3031 609 3116 deterius
638 3031 896 3124 adferebantur,
926 3035 1051 3124 dolor,
1080 3035 1140 3108 ira.
1193 3037 1241 3108 Et

259 3151 491 3246 erumpebant
513 3152 677 3249 questus:
719 3159 746 3196 “
762 3154 849 3230 Ideo
865 3152 1041 3230 'nimirum
1068 3154 1104 3228 in
1127 3175 1238 3232 extre-

261 3276 382 3344 “mas
410 3288 517 3343 terras
540 3273 759 3370 relegatum:
796 3274 877 3346 ideo
905 3275 1019 3351 Pisoni
1045 3275 1240 3372 permissam

260 3393 287 3438 ·“
306 3389 548 3483 provinciam:
577 3394 645 3466 hoc
662 3392 767 3491 egisse
793 3391 940 3469 secretos
964 3395 1133 3496 Augustae
1159 3422 1239 3469 cum

261 3513 287 3551 “
306 3509 474 3588 Plancius
495 3510 691 3595 sermones:
719 3539 801 3588 vera
827 3513 964 3614 prorsus
984 3517 1029 3591 de
1055 3512 1168 3592 Druso
1190 3512 1239 3584 se-

260 3632 287 3679 I‘
307 3624 420 3698 niores
458 3630 618 3706 locutos:
660 3633 842 3742 displicere
873 3636 1096 3734 regnantibus
1124 3631 1241 3711 civilia

63 3750 68 3757 '
123 3807 127 3816 .
194 3837 196 3842 y
261 3755 288 3805 6⁶
307 3745 460 3833 filiorum
485 3748 649 3848 ingenia:
680 3781 795 3860 neque
819 3758 867 3841 ob
891 3755 986 3839 aliud
1013 3754 1238 3851 intercept03‚
