2834 4732
271 363 317 434 92
381 424 383 428 ι
455 336 811 409 ecorum
859 337 1053 413 Tacrrr

269 533 394 581 vocem
419 508 604 581 adversum
634 508 785 605 pericula
811 507 969 606 poscere:
1009 511 1242 588 abnuentibus

267 625 411 715 cundia,
437 613 518 700 cum
539 627 671 700 diversa
700 630 960 725 praetenderent,
986 626 1252 704 emembrari?

266 745 362 836 dine,
389 746 446 818 die
472 745 605 824 senatsrs
629 770 726 821 metu
746 753 779 820 &
794 812 795 816 ,
810 748 1012 845 agritudine
1030 747 1145 838 sessus,
1171 756 1241 823 sive

265 865 494 943 uttradiddre
511 866 669 963 quidam,
694 869 850 940 simulato
872 860 1011 957 morbo,
1037 867 1155 941 lesticai
1176 870 1238 940 de-

266 987 353 1057 latus
377 984 532 1060 adfores
557 987 674 1077 curia,
705 985 902 1085 innisusque
925 986 1033 1077 fratri,
1055 993 1088 1061 &
1115 1013 1239 1060 manus

264 1129 304 1177 ac
322 1104 488 1200 supplices
513 1132 616 1179 voces
640 1108 684 1179 ad
705 1106 890 1180 Tiberium
906 1107 1066 1198 tendens,
1092 1107 1238 1180 immoto

263 1220 335 1320 ejus
369 1226 467 1297 vultu
506 1225 704 1321 excipitur:
746 1253 831 1300 mox
860 1227 1051 1300 libellos&
1082 1212 1238 1300 auctores

263 1344 382 1417 recitat
394 1343 520 1433 Caesar,
539 1345 585 1417 ita
606 1347 805 1437 moderans,
832 1372 876 1420 ne
898 1347 1016 1436 lenire,
1043 1372 1132 1419 neve
1144 1345 1237 1444 aspe-

172 1487 174 1493 ’
262 1489 336 1535 rare
357 1463 502 1536 crimina
522 1465 707 1538 videretur.

312 1585 433 1656 XXX.
460 1590 763 1676 Accassnnnur,
791 1607 911 1683 praeter
926 1586 1094 1660 Trionem
1112 1594 1146 1663 ἃ
1170 1590 1237 1662 Ca-

262 1723 337 1775 tum
355 1702 577 1792 accusatores,
597 1705 761 1778 Fonteius
779 1707 954 1804 Agrippa,
983 1712 1016 1780 &
1039 1709 1081 1781 C.
1098 1697 1234 1796 Vibius,

262 1825 507 1920 certabantque
533 1824 588 1897 cui
609 1824 667 1921 jus
694 1827 875 1923 perorandi
897 1827 934 1899 in
960 1853 1056 1900 reum
1072 1829 1233 1903 daretur:

261 1944 373 2017 donec
392 1943 527 2033 Vibius,
558 1944 640 2040 quia
668 1970 731 2017 nec
759 1945 820 2040 ipsr
837 1945 925 2017 inter
941 1944 974 2017 se
992 1950 1235 2036 concederent,

263 2068 296 2136 δι
314 2063 410 2136 Libo
428 2066 496 2135 fine
512 2084 655 2159 patrono
671 2062 850 2153 introisset,
879 2064 1075 2160 singillatim
1108 2065 1141 2137 se
1168 2066 1235 2137 cri-

260 2183 357 2255 mina
386 2180 604 2279 objecturum
634 2180 814 2278 professus,
842 2181 984 2277 protulit
1011 2181 1145 2255 libellos
1174 2210 1234 2256 ve-

260 2305 381 2376 cordes
399 2303 508 2391 adeo,
530 2322 568 2375 ut
592 2301 833 2378 consultaverit
856 2302 963 2391 Libo,
988 2309 1014 2346 “
1029 2328 1073 2374 an
1097 2302 1233 2376 habitu·

261 2432 367 2497 “rus
395 2422 482 2496 soret
508 2449 605 2520 opes,
630 2424 709 2521 quis
734 2423 826 2496 viam
844 2422 1000 2519 Appiam
1016 2422 1233 2497 Brundisium

216 2599 223 2608 .
260 2549 289 2585 “
306 2542 414 2642 usque
444 2543 589 2640 pecunid
612 2542 794 2641 operiret.’'
844 2545 980 2615 Inerant
1010 2543 1137 2616 &alia
1168 2546 1233 2617 hu-

251 2660 459 2765 juscemodi,
493 2662 629 2760 stolida,
657 2689 768 2749 vana;
816 2650 1015 2735 sr'moiliirs
1047 2663 1233 2761 acciperes,

257 2782 457 2857 miseranda.
523 2782 598 2857 Uni
624 2804 740 2855 tamen
773 2782 905 2871 libello,
933 2808 1040 2855 manu
1066 2785 1231 2874 Libonis,

258 2904 458 2977 nominibus
473 2888 646 2976 Caesarum
663 2924 720 2976 aut
745 2895 955 2991 senatorum,
982 2901 1115 2976 additas
1144 2925 1233 2978 atro-

256 3048 313 3096 ces
332 3025 388 3095 vel
411 3025 563 3096 occultas
578 3044 699 3113 notas,
727 3021 901 3097 accusator
929 3024 1109 3118 arguebat.
1133 3061 1136 3066 ¹
1158 3027 1232 3098 Ne·

257 3163 360 3242 gante
376 3169 449 3231 re0,
475 3142 695 3240 agnoscentes
713 3142 827 3216 servos
852 3169 913 3240 per
936 3163 1106 3216 tormenta
1127 3143 1230 3216 inter-

255 3263 368 3360 rogari
396 3261 534 3359 placuit.
603 3264 648 3333 Et
678 3263 760 3359 quia
788 3284 904 3335 vetere
930 3260 1230 3350 senatusconsulto,

256 3383 399 3477 quaestio
426 3383 461 3455 in
502 3404 605 3479 caput
627 3382 761 3454 domini
784 3383 1040 3479 prohibebatur,
1086 3383 1230 3456 callidus

257 3503 290 3571 δι
316 3501 399 3572 novi
420 3500 505 3597 juris
534 3522 688 3599 repertor
704 3502 881 3594 Tiberius,
908 3503 1100 3601 mancipari
1117 3493 1228 3597 fingu-

255 3620 306 3690 los
324 3619 429 3690 odori
447 3622 587 3716 publico
598 3621 722 3720 jubet:
749 3621 890 3716 scilicet,
919 3646 957 3697 ut
986 3624 1020 3695 in
1051 3621 1228 3693 Libonem

254 3764 299 3824 ex
315 3737 431 3827 servis,
463 3738 558 3815 salvo
581 3741 881 3833 senatusconsulto,
916 3758 1131 3839 quareretur.
1166 3739 1228 3819 Ob
