2834 4732
402 309 713 412 Auunr'rtint
747 341 860 412 Lto.
894 339 923 410 Ι.
1117 367 1165 439 49

181 523 210 560 “
227 513 479 614 Germanisque
495 514 594 589 idem
609 515 826 600 conducere3
846 519 880 588 ἃ
899 537 1037 610 pacem,
1056 517 1164 612 quim
1193 602 1198 617 '
1225 535 1240 589 ’.
1355 598 1359 603 Ν,

99 647 101 660 “
182 645 209 681 “
228 639 358 712 bellum
377 639 582 735 probabam.
635 639 733 734 Ergo
752 656 928 734 raptorem
950 631 1031 707 filiae
1057 660 1161 727 meae,

180 742 433 831 “violatorem
472 757 612 832 foederis
649 757 754 832 vestri
791 755 1010 844 Arminium,
1066 758 1164 853 apud

178 886 207 922 “
225 881 376 970 Varum,
424 879 590 977 quitum
619 861 786 960 exercitui
819 878 1034 976 praesrdebat,
1063 903 1162 954 reum

179 1007 206 1043 “
225 999 315 1074 feci:
346 1001 475 1075 dilatus
499 998 645 1101 segniti&
672 999 786 1091 ducis,
818 997 899 1097 quia
928 1024 1053 1095 pantm
1072 1023 1161 1095 prae·

156 1210 160 1223 y
181 1128 208 1164 “
227 1117 300 1196 fidii
317 1122 353 1195 in
371 1123 507 1221 legibus
525 1144 611 1212 erat,
640 1142 687 1195 ut,
708 1146 780 1210 me,
810 1119 847 1192 δε
877 1119 1096 1211 Arminium,
1127 1126 1162 1195 δι

176 1242 375 1318 “conscios
409 1242 571 1333 vinciret,
606 1241 774 1340 flagitavi.
823 1241 937 1315 Testis
965 1240 1024 1315 illa
1062 1268 1151 1334 nor,

181 1363 316 1437 “mihi
353 1364 490 1437 utinam
520 1363 634 1461 potitis
668 1363 872 1463 noviffima!
910 1365 1003 1460 Qrae
1049 1362 1164 1437 secuta

182 1490 211 1527 “
228 1482 321 1574 sunt,
339 1484 459 1561 defleri
478 1484 603 1584 magis,
625 1486 735 1583 quim
752 1482 894 1558 defendi
911 1484 1073 1580 poffunt:
1104 1511 1160 1559 ce·
1258 1542 1265 1552 s

182 1612 210 1648 “
228 1605 342 1678 terum
359 1608 393 1677 δε
411 1603 511 1704 injeci
528 1626 663 1680 catenas
689 1603 866 1694 Arminio,
902 1608 935 1677 δι
965 1630 986 1677 a
1013 1603 1163 1682 faeiione

183 1722 305 1824 “ejus
331 1725 473 1826 injecias
503 1730 676 1825 perpessus
705 1725 794 1801 sum.
855 1730 976 1824 Atque
1001 1726 1063 1800 ubi
1092 1728 1161 1825 pri·

174 1853 210 1924 .“
228 1848 330 1921 mum
359 1847 410 1921 tui
443 1848 558 1947 copia,
589 1870 702 1924 vetera
715 1847 831 1939 novis,
851 1853 884 1922 &
908 1847 1024 1945 quieta
1052 1850 1161 1923 turbi-

181 1967 284 2043 “‘dis
311 1972 533 2044 antehabeo:
564 1997 678 2070 neque
713 1974 761 2045 ob
789 1968 987 2068 praemium,
1024 1967 1082 2044 sed
1124 1990 1162 2047 ut
1202 2002 1203 2005 ¹

179 2098 207 2133 “
224 2115 283 2164 me
307 2090 452 2189 perfidifi
478 2090 684 2179 exsolvam3
713 2094 812 2167 simul
841 2091 936 2191 genti
962 2092 1160 2166 Germano·

177 2218 206 2255 “
223 2237 303 2286 rum
320 2211 466 2287 idoneus
483 2212 700 2303 conciliator,
731 2218 754 2288 fi
783 2212 1017 2313 paenitentiam
1051 2216 1160 2314 quim

177 2340 206 2378 “
225 2334 415 2433 perniciem
432 2335 604 2415 maluerit.
654 2318 880 2434 Pro'juvenu
907 2339 941 2408 δι
969 2359 1081 2408 errore
1098 2337 1161 2410 filii

178 2455 365 2530 “veniam
399 2482 543 2554 precor:
575 2447 685 2533 filiam
718 2459 910 2533 necessitate
934 2458 1003 2530 huc
1027 2458 1161 2532 adduc-

180 2581 208 2618 “
226 2596 299 2650 tam
315 2574 453 2653 fateor:
484 2600 586 2654 tuum
612 2579 675 2655 erit
703 2576 906 2668 consultare,
935 2599 1053 2652 utmm
1074 2605 1161 2676 prae·

125 2746 127 2748 -
182 2702 210 2739 “
228 2698 353 2789 valeat,
391 2698 491 2797 quod
516 2725 562 2774 ex
592 2698 758 2774 Arminio
785 2699 961 2796 concepit,
996 2726 1041 2772 an
1068 2700 1165 2797 quod

178 2823 208 2861 “
225 2842 270 2892 ex
297 2846 356 2895 mc
386 2821 505 2921 genita
521 2823 608 2896 est.'’
658 2822 786 2913 Caesar,
804 2820 969 2896 clementi
985 2817 1162 2918 responso,

180 2937 294 3013 liberis
311 2942 585 3046 propinquisque
609 2941 693 3042 ejus⁴
710 2941 1002 3029 incolumitatem,
1027 2939 1089 3037 ipsi
1113 2939 1162 3016 se·

181 3057 266 3131 dem
282 3060 420 3147 Vetera,
448 3060 484 3132 in
501 3062 692 3158 provincii,
711 3063 905 3162 pollicetur.
958 3061 1164 3141 Exercitum

180 3179 337 3270 reduxit,
369 3204 569 3279 nomenque
602 3188 800 3284 imperatoris
838 3185 976 3263 tuciore
1019 3182 1165 3275 Tiberio

165 3301 325 3398 occepit.
375 3299 529 3381 Arminii
544 3295 646 3397 uxor,
664 3306 771 3381 virilis
796 3304 896 3380 sextis
924 3304 1062 3401 stirpem
1088 3304 1163 3376 edi·
1191 3397 1195 3409 Ι

179 3419 257 3501 dit:
288 3423 655 3524 cducatusRavennae
682 3453 780 3524 puer,
806 3452 878 3524 quo
900 3451 985 3503 mox
1009 3425 1162 3501 ludibrio

112 3616 119 3625 ,
179 3543 399 3618 ςοηῆίέὶειῑυε
417 3547 470 3635 srt,
496 3543 532 3618 in
550 3567 710 3644 tempore
727 3549 945 3644 memorabo.

226 3665 328 3740 LIX.
356 3667 478 3740 FAMA
497 3667 606 3740 dediti
625 3666 847 3766 benigneque
876 3668 1013 3765 excepti
1045 3666 1163 3768 Seges-

179 3783 221 3858 tis
239 3788 396 3888 vulgata,
429 3807 467 3863 ut
495 3785 691 3889 quibusque
720 3790 853 3865 bellum
881 3789 997 3866 invitis
1020 3809 1078 3862 aut
1101 3814 1162 3860 cu-

656 3910 687 3983 Ε
795 4006 798 4016 .
