2834 4732
312 337 640 419 'Auunaruu
671 344 782 418 Lrn.
808 342 853 416 11.
1052 369 1119 447 127

185 522 355 598 LXXVI.
374 525 653 596 Aurnuannur
667 520 897 609 centuriones,
914 525 1119 597 monebant·

144 669 215 742 que
260 650 470 739 “prompta
496 642 547 715 illi
576 625 756 740 legionum
784 641 918 718 studia:
955 658 1121 738 repeteret
1213 696 1220 715 ,

102 788 105 792 ’
145 772 174 809 “
191 763 410 862 provinciam¹
423 789 496 836 non
506 761 586 861 jure
599 764 764 852 ablatam,
783 767 817 837 u
836 764 1022 836 vacuam’*
1050 763 1120 861 Igi-

140 904 194 958 tur
222 884 355 982 “quid
381 884 585 983 agendum’'
609 880 827 972 consultanti,
856 885 915 956 Μ.
947 880 1025 956 Piso
1053 884 1120 958 fili·

139 1033 179 1080 us
206 1007 507 1104 “properandum
530 1004 567 1077 in
589 1004 752 1077 Urbem'’
776 999 934 1076 censebat
952 1031 960 1075 ε
990 1005 1120 1078 “nihil

145 1134 171 1170 “
188 1128 303 1199 adhuc
320 1125 530 1222 inexpiabile
551 1123 752 1212 admissum,
776 1147 891 1220 neque
918 1119 1122 1222 suspiciones

141 1253 170 1291 “
189 1245 393 1334 imbecillas,
435 1265 495 1319 aut
527 1244 642 1317 inania
685 1242 787 1318 samae
820 1242 1122 1340 pertimescenda:

149 1365 404 1439 “discordiam
446 1390 528 1462 erga
566 1363 819 1438 Germanicum
863 1362 948 1436 odio
989 1362 1125 1439 fortasse

144 1492 173 1528 “
191 1484 351 1581 dignam,
374 1511 445 1557 non
463 1488 590 1582 poenlt:
628 1490 661 1558 ὅτ
678 1482 902 1578 ademptione
919 1484 1122 1580 provinciae,

142 1612 173 1650 “
191 1603 400 1678 saturanum
428 1605 587 1678 inimicis.
653 1603 762 1702 Quid
805 1606 828 1676 st
870 1604 1120 1701 regrederetur,

145 1735 174 1770 “
192 1725 375 1800 obsrstente
407 1726 537 1816 Sentit),
586 1724 690 1799 civile
722 1725 855 1797 bellum
886 1721 1023 1821 incipi:
1056 1749 1121 1800 nec

144 1849 373 1920 “duraturos
405 1846 441 1918 in
475 1845 628 1943 partibus
658 1843 876 1919 centuriones
913 1841 1119 1942 militesque,

143 1976 171 2011 “
190 1970 284 2066 apud
302 1994 390 2066 quos
407 1991 524 2040 recens
550 1964 769 2062 imperatoris
799 1961 857 2036 sui.
873 1964 1053 2055 memoria,
1086 1971 1120 2040 lle

143 2096 170 2132 “
188 2088 323 2186 penitus
341 2089 469 2161 infixus
484 2087 522 2159 in
537 2082 684 2161 Caesares
701 2112 800 2160 amor
817 2087 1052 2182 praevaleret.'’

189 2211 377 2284 LXXVII.
409 2210 579 2282 Connus
603 2206 779 2280 Domitius
802 2206 908 2287 Celer
926 2233 972 2282 ex
1000 2208 1122 2286 intimd

140 2329 212 2430 ejus
227 2329 378 2405 amicitis
393 2328 562 2418 disseruit,
588 2329 814 2403 “Utendum
836 2346 976 2401 eventu.
1026 2328 1119 2402 Piso-

142 2458 168 2503 -“
188 2477 284 2541 uem,
315 2475 387 2522 non
414 2448 585 2538 Sentium,
615 2447 719 2544 Syria
758 2451 1001 2546 praeposrtum:
1039 2445 1120 2520 huic

142 2567 291 2641 “fasces
320 2573 354 2640 ὅτ
377 2565 436 2666 jus
466 2568 635 2664 praetoris,
669 2569 750 2644 huic
778 2569 933 2668 legiones
948 2569 1068 2642 datas:
1096 2571 1121 2642 st

56 2776 58 2780 v
142 2695 172 2732 “
191 2689 277 2786 quid
294 2688 414 2763 hostile
431 2689 585 2789 ingruat,
612 2690 720 2788 quim
739 2689 862 2789 justius
888 2715 981 2765 arma
1004 2714 1116 2784 oppo·
1152 2723 1160 2734 ·*

144 2817 171 2853 “
191 2812 345 2905 fiturum,
384 2810 446 2909 qui
478 2810 585 2909 legati
611 2811 867 2899 austoritatem,
909 2813 943 2882 &
984 2808 1122 2906 propria
1192 2847 1196 2852 ·

145 2932 354 3003 “mandata
377 2930 582 3028 acceperit?
619 2932 909 3030 Relinquendum
933 2928 1037 3004 etiam
1062 2957 1119 3004 ru·

143 3059 171 3094 “
189 3047 346 3123 moribus
375 3070 528 3146 tempus,
571 3078 643 3149 quo
675 3049 870 3126 senescant:
912 3049 1120 3148 plerumque

90 3173 96 3179 ’
143 3179 171 3216 “
189 3171 402 3260 innocentes,
446 3171 574 3244 recenti
605 3171 746 3246 invidiae
774 3171 933 3268 impares.
1007 3175 1058 3244 At
1096 3172 1120 3243 li

140 3295 171 3334 '“
190 3311 304 3363 teneat
321 3290 528 3380 exercitum,
545 3313 671 3389 augeat
684 3291 786 3380 vires,
801 3293 922 3380 multa,
942 3315 1020 3386 quae
1039 3315 1118 3387 pro-

143 3419 170 3454 “
190 3409 298 3491 videri
328 3436 399 3499 nou
433 3414 571 3509 polsrnt,
600 3411 740 3487 fortuito
765 3412 802 3484 in
834 3409 957 3484 melius
992 3410 1118 3486 casura.

122 3539 168 3625 f‘
188 3536 248 3606 Au
264 3530 461 3605 festinamus
485 3557 570 3605 eum
582 3532 783 3618 Germanici
804 3529 977 3606 cineribus
999 3534 1117 3630 adpel-

141 3660 168 3696 “
186 3654 270 3743 lere,
300 3672 340 3726 ut
365 3672 399 3724 te
422 3651 618 3725 inauditum
652 3658 685 3727 &
710 3649 925 3727 indefensum
959 3653 1118 3749 planetus

141 3779 170 3816 “
189 3773 410 3874 Agrippina,
439 3797 480 3846 ac
505 3772 634 3870 vulgus
666 3772 882 3870 imperitum,
908 3772 1023 3873 primo
1060 3798 1117 3845 ru·
