2796 4724
380 349 690 419 Aunnaruu
724 345 932 418 LrnsIII.
985 319 989 328 ¹
1093 371 1172 448 ,151

99 572 103 580 ·
189 523 309 600 secreti
339 520 479 621 questus
511 522 626 622 magis
659 519 895 599 ardescebant.
963 527 992 566 “
1010 523 1054 597 Id
1088 549 1176 625 ergo

190 654 220 690 “
239 645 288 721 fas
303 643 406 736 aviae,
439 643 707 718 interfectricem
725 645 862 743 nepotis
878 643 1041 743 aspicere,
1076 647 1175 718 adlo-

189 774 218 811 “
236 765 311 864 qui,
330 765 464 864 eripere
479 764 642 841 senatui?
678 766 776 863 quod
806 790 870 862 pro
895 763 1062 838 omnibus
1089 765 1176 839 civi·

187 895 216 931 “
235 890 300 962 bus
317 887 413 985 leges
431 885 627 976 obtineant,
645 885 707 959 uni
725 884 939 959 Germanico
965 910 1037 958 non
1063 886 1177 960 conti-

188 1014 218 1052 “
236 1007 344 1107 gisse!
373 1006 506 1083 Vitellii
535 1006 726 1082 &Veranii
745 1032 845 1081 voce.
861 1008 1032 1095 defletum
1065 1008 1176 1084 Caesa-

189 1135 218 1176 “
236 1153 340 1214 rem;
379 1131 424 1202 ab
465 1130 681 1226 Imperatore
720 1132 754 1201 δι
796 1129 957 1226 Augusll
1001 1128 1177 1204 defensam

191 1256 220 1294 “
237 1248 468 1324 Plancinam!
501 1250 648 1347 proinde
665 1275 802 1323 venena
830 1254 863 1324 δι
891 1270 980 1323 artes
1007 1271 1079 1323 tarn
1101 1248 1177 1323 seli·

193 1375 222 1413 “
240 1370 324 1443 citer
341 1390 502 1467 expertas
519 1392 668 1444 verteret
696 1371 733 1448 in
760 1369 1013 1470 Agrippinam,
1038 1369 1074 1443 in
1091 1371 1178 1445 libe-

194 1495 223 1534 “
241 1515 297 1562 ros
326 1487 412 1589 ejus,
443 1491 694 1591 egregiamque
718 1491 834 1566 aviam
856 1517 897 1564 ac
919 1491 1082 1588 patruum
1105 1490 1199 1564 san-⁸

193 1618 223 1655 “
242 1611 349 1710 guine
375 1609 573 1687 miserrima
603 1615 732 1688 domlts
761 1612 976 1687 exsatiaret.''
1026 1613 1179 1688 Biduum

190 1729 294 1832 super
322 1735 389 1807 hac
418 1733 571 1832 imagine
603 1732 816 1831 cognitionis
844 1732 1094 1836 absumptum;
1119 1761 1179 1811 ur·

193 1874 301 1954 gente
317 1854 462 1928 Tiberio
479 1855 608 1928 liberos
630 1851 777 1945 Pisonis,
807 1860 997 1935 “matrem
1026 1855 1078 1929 uti
1103 1877 1178 1931 tue·

194 1983 224 2019 “
241 1977 397 2049 rentur.”
448 1977 494 2049 Et
518 1976 602 2050 citm
619 1974 830 2050 accusatores
846 2002 887 2051 ac
903 1978 1005 2052 testes
1022 1977 1180 2053 certatim

191 2092 406 2195 perorarent,
440 2095 671 2196 respondente
716 2098 829 2192 nullo,
866 2096 1037 2173 miseratio
1070 2100 1181 2198 quim

190 2215 326 2292 invidia
361 2220 566 2318 augebatur.
633 2217 773 2293 Primus
806 2219 1011 2296 sententiam
1040 2205 1181 2319 rogatus

190 2341 356 2415 Aurelius
379 2341 486 2414 Cotta
518 2338 638 2415 consul
680 2343 783 2438 (nam
825 2342 995 2418 referente
1031 2340 1179 2432 Caesare,

190 2461 411 2560 magistratus
427 2487 471 2535 eo
488 2461 593 2536 etiam
610 2488 754 2537 munere
779 2460 1037 2562 fungebantur)
1070 2470 1097 2506 “
1117 2489 1180 2543 no-

193 2587 221 2624 “
239 2605 322 2653 men
350 2579 483 2656 Pisonis
510 2583 706 2658 radendum
727 2583 845 2658 fastis”
875 2583 1031 2659 censuit:
1058 2590 1086 2626 “
1101 2586 1180 2681 par·

195 2706 225 2743 “
243 2719 316 2774 tem
333 2702 511 2776 bonorum
539 2704 817 2802 publicandam
849 2732 927 2804 pars
957 2725 996 2781 ut
1030 2707 1097 2779 Cn.
1121 2705 1180 2778 Pi·

195 2826 224 2864 “
242 2818 313 2895 soni
341 2821 415 2895 silio
438 2825 700 2917 concederetur,
729 2827 826 2926 isque
843 2852 1049 2925 praenomen
1066 2847 1180 2901 muta·

196 2947 225 2985 “
242 2961 307 3014 ret.
359 2946 420 3035 M.
436 2942 515 3017 Piso
533 2950 637 3019 exuti
654 2930 841 3046 dignitate,
860 2953 894 3021 &
911 2970 1058 3046 accepto
1075 2948 1179 3048 quin-

196 3067 225 3105 “
243 3062 387 3160 quagies
415 3063 579 3156 sestertio,
606 3067 644 3140 in
668 3070 793 3143 decem
821 3097 932 3145 annos
958 3073 1180 3168 relegaretur,

124 3184 125 3187 ’
195 3191 225 3227 “
245 3182 404 3259 concessi
420 3186 597 3264 Plancina
614 3189 857 3267 incolumitate
880 3195 928 3268 ob
955 3216 1074 3291 preces
1103 3194 1179 3263 Au·

197 3312 226 3349 6(
245 3305 393 3404 gusta„

245 3428 380 3503 XVIII.
405 3432 561 3504 Murra
578 3458 623 3506 ex
641 3435 681 3507 el
698 3431 863 3509 sententis
881 3432 1040 3532 mitigata
1057 3432 1133 3508 sunt
1161 3461 1182 3508 a

139 3651 141 3656 .
194 3547 385 3647 Principe:
415 3557 442 3594 “
460 3576 505 3624 ne
538 3578 670 3627 nomen
693 3553 826 3628 Pisonis
853 3552 945 3627 fastis
958 3553 1181 3645 eximeretur,

196 3678 224 3713 “
244 3672 388 3769 quando
404 3674 462 3745 Μ.
482 3674 644 3764 Antonii,
664 3675 724 3774 qui
742 3677 875 3748 bellum
893 3675 1009 3773 patriae
1028 3676 1181 3762 fecissen

197 3797 226 3836 “
246 3792 319 3890 Juli
353 3793 499 3872 Antonii
545 3794 605 3894 qui
645 3797 796 3871 domum
825 3797 976 3899 Augusti
1010 3798 1179 3887 violasset,
1226 3784 1227 3787 Ἴ
