2834 4732
418 361 723 430 Aunnsrum
758 352 950 428 L1n.ll.
1114 383 1161 457 93

188 557 268 630 quae
302 529 476 628 posterum
514 530 608 602 diem
654 554 729 602 reus
763 527 909 625 petiuit3
944 528 1162 624 domumque

119 650 120 653 '
188 651 370 748 digreffus,
389 663 560 723 extremas
577 674 693 746 preces
719 650 759 720 P.·
785 647 945 745 Qririnio
967 647 1163 744 propinquo
1219 662 1221 665 ’

187 769 247 842 suo
262 770 305 843 ad
323 770 522 867 Principem
540 768 743 843 mandavit:
774 767 974 865 responsum
993 765 1053 854 est,
1085 773 1111 807 “
1125 786 1163 838 ut

186 898 213 932 “
232 890 386 963 senatum
416 892 590 988 rogaret.’'
766 984 768 989 Ι

225 1013 381 1085 ·ΧΧΧΙ.
418 1012 684 1083 Cruorsnron
716 1008 855 1080 interim
880 1007 990 1080 milite
1009 1007 1162 1092 domus;

188 1131 384 1227 strepebant
402 1130 506 1203 etiam
520 1129 557 1202 in
574 1129 758 1218 vestibulo,
787 1149 827 1200 ut
852 1128 974 1216 audiri,
1000 1147 1038 1198 ut
1061 1124 1163 1222 aspici

178 1251 348 1368 possent:
375 1252 456 1323 cum
473 1249 583 1338 Lib0‚
603 1248 695 1344 ipsis,
714 1275 799 1345 quas
817 1248 852 1319 in
869 1247 1086 1319 noviffimam
1099 1272 1162 1319 vo·

190 1372 362 1465 luptatem
389 1369 606 1458 adhibuerat,
636 1368 759 1465 epulis'
779 1366 1006 1469 excruciatus,
1034 1392 1163 1440 vocare

189 1490 432 1585 percussorem,
463 1487 616 1584 prensare
642 1486 820 1560 servorum
836 1487 989 1574 dextras,
1021 1484 1163 1558 inserere

189 1607 373 1707 gladium-2
406 1629 510 1705 atque
532 1607 610 1696 illis,
643 1609 729 1680 dum
746 1605 935 1703 trepidant,
965 1605 1051 1683 dum
1070 1605 1161 1680 resu-

190 1728 305 1826 giunt,
333 1728 563 1801 evertentibus
585 1728 778 1823 adpositum
808 1728 925 1797 mensfi
951 1725 1082 1829 lumen,
1111 1726 1160 1799 se-

187 1849 315 1922 ralibns
336 1848 412 1946 jam
436 1848 495 1921 fibi
512 1847 675 1936 tenebris,
693 1848 781 1918 duos
800 1845 885 1918 idus
902 1845 938 1916 in
956 1842 1084 1919 viscera
1109 1848 1161 1919 di-

188 1969 287 2042 rexit.
337 1970 396 2041 Ad
423 1968 595 2067 gemitum
629 1966 856 2054 conlabentis,
894 1965 1077 2040 adcurrere
1120 1967 1161 2039 li·

187 2088 287 2178 berti,
319 2094 353 2161 &
382 2089 477 2162 caede
507 2088 578 2161 visst
601 2087 699 2160 miles
716 2085 855 2160 abstitit.
907 2079 1089 2160 Accusatio
1109 2110 1160 2161 ta-

186 2235 267 2282 men
283 2210 377 2306 apud
397 2231 508 2306 patres
525 2206 778 2281 adseveratione
794 2208 916 2280 eadem
935 2209 1080 2304 perassa,
1103 2206 1162 2305 ju·

186 2331 343 2428 ravitque
371 2327 556 2423 Tiberius„
580 2328 809 2425 “petiturum
834 2326 866 2399 se
888 2327 1011 2416 vitam,
1039 2355 1162 2424 quam-

184 2459 214 2513 >“
233 2452 285 2523 vis
303 2449 458 2538 nocenti,
489 2448 549 2521 nisr
578 2447 809 2537 voluntariam
827 2467 976 2549 mortem
994 2473 1157 2545 propera-

188 2577 216 2612 “
235 2570 369 2641 viffet.’'
685 2637 687 2649 ,

248 2690 404 2761 XXXII.
442 2692 554 2762 Boua
583 2690 672 2764 inter
692 2677 912 2765 ¹accusatores
934 2686 1160 2797 diuiduntur:

188 2809 223 2878 δι
241 2807 393 2903 praeturae
410 2831 508 2882 extra
525 2811 686 2885 ordinem
712 2813 800 2885 datae
829 2811 894 2899 his,
921 2809 981 2907 qui
1006 2808 1161 2883 senatorii

189 2927 315 3000 ordinis
348 2953 454 3003 erant.
516 2933 620 3005 Tunc
653 2934 757 3005 Cotta
794 2930 1009 3020 Messalinus,
1065 2938 1091 2973 “
1119 2956 1163 3004 ne

191 3055 220 3090 “
239 3046 358 3145 imago
372 3049 523 3123 Libonis
539 3051 715 3151 exsequias
740 3052 955 3149 posterorum
982 3050 1162 3123 comitare-

189 3176 217 3210 “
235 3170 351 3261 ¹tur,”⁴
372 3170 521 3242 censuit:
557 3173 623 3244 Cn.
652 3176 837 3263 Lentulus,
864 3181 949 3245 “ne
974 3170 1049 3268 quis
1073 3170 1161 3242 Scri·
1187 3194 1189 3201 ’

190 3295 218 3329 “
239 3288 363 3361 bonius
379 3313 653 3389 cognomentum
665 3297 767 3367 Drusi
782 3292 973 3366 adsumeret
983 3292 1020 3362 :''
1042 3297 1068 3331 “
1082 3288 1160 3389 sup-

189 3416 218 3451 “
238 3407 463 3504 plicationum
487 3411 601 3502 dies,''
628 3413 814 3510 Pomponii
844 3411 958 3486 Flacci
985 3409 1161 3504 sententias,

186 3530 381 3603 constituti:
426 3539 504 3604 “ut
528 3534 621 3606 dona
656 3533 752 3629 Jovi,
778 3533 900 3622 Marti,
941 3532 1160 3622 Concordiae,

188 3643 215 3694 ‘'‘
235 3673 342 3748 utque
366 3652 493 3724 lduum
512 3653 765 3748 Septembrium
789 3653 875 3743 dies,
907 3680 978 3751 quo
1004 3651 1036 3726 se
1063 3653 1160 3727 Libo

189 3777 216 3812 “
236 3770 461 3880 interfecerat,
488 3771 561 3846 dies
586 3771 689 3848 festus
715 3776 936 3866 haberetur,''
972 3777 1018 3848 L.
1041 3777 1081 3846 P.
1127 3778 1160 3845 δι
