2776 4724
287 455 368 531 vid.
386 479 468 558 pag.
484 479 540 531 ιο.
552 456 614 532 lin.
629 483 685 551 ιο
711 461 837 534 Codex
853 456 1147 556 Guelferbytanus
1163 463 1222 541 etii

233 575 354 651 vrecens
378 574 441 666 est,
458 595 578 651 tamen
595 583 629 652 δι
646 578 692 653 ad
708 579 870 654 leeliones
892 582 1075 654 nonnullas
1092 585 1221 661 confir·

191 762 195 769 .
238 695 396 786 mandas,
415 700 450 772 δι
466 698 513 772 ad
528 698 687 773 meliores
699 697 915 800 indagandos
925 697 1072 776 subinde
1084 699 1224 800 profuit.

238 816 495 914 Compleffltur
517 816 607 897 soloe
626 819 733 894 libros
760 820 953 896 Annalium
982 821 1066 896 inde
1088 825 1222 909 abun·

237 936 393 1029 decimo,
420 943 456 1013 ta
482 937 730 1015 Historiarum.
788 941 944 1040 Scriptus
970 941 1021 1016 est
1047 942 1084 1018 in
1111 967 1223 1019 mem·

238 1060 359 1149 brento
374 1082 485 1136 ¹manu
500 1061 673 1159 elegante,
701 1066 737 1139 dt
753 1062 873 1161 paffim
890 1065 1065 1138 corneus
1080 1088 1101 1138 a
1116 1088 1223 1140 manu

237 1177 409 1253 secunda:
442 1179 491 1254 ita
517 1200 647 1273 tamen,
676 1202 714 1256 ut
740 1185 947 1282 plerumque
974 1187 1129 1282 priorem
1151 1186 1223 1260 lee-

237 1297 371 1374 tionem
387 1299 526 1400 adsequi
542 1301 655 1377 liceat.
694 1303 934 1380 Correcliones
952 1303 1130 1403 sepifiime
1140 1327 1224 1380 eum

88 1419 92 1425 ’
239 1418 450 1499 lectionibus
478 1423 534 1495 ed.
564 1448 623 1520 pr.
643 1421 884 1498 consentiunt:
926 1429 996 1499 five
1022 1447 1068 1499 ex
1097 1426 1224 1503 eodem

118 1627 119 1630 Ἴ
238 1538 385 1631 Codice,
412 1543 481 1615 srve
498 1566 542 1616 ex
554 1542 626 1640 ipsa
641 1543 701 1618 illa
716 1542 869 1619 editione
885 1543 1144 1643 promtresunn‘
1183 1547 1226 1618 ln

238 1659 431 1735 Germania
454 1661 661 1737 recensenda
686 1663 780 1760 (vid.
800 1689 880 1764 pag.
899 1690 953 1739 ιο.
971 1664 1020 1738 lin
1032 1666 1122 1760 at.)
1149 1663 1226 1740 usus

237 1780 315 1855 sum
330 1782 435 1857 etiam
451 1783 615 1859 varietate
630 1784 773 1877 Codicis
788 1785 957 1860 chartacei
970 1783 1184 1877 Tuticenfir,
1206 1807 1228 1861 e
1316 1867 1318 1872 ,

154 1971 159 1979 .
186 1895 187 1899 “
238 1901 348 1977 Petro
365 1903 411 1976 de
429 1905 633 2003 Numagen,
652 1900 864 2003 Trevlrenfi,
887 1906 1079 2003 Capellano
1095 1910 1130 1981 ἃ
1150 1910 1223 1981 Le·

82 2030 86 2034 '
147 2015 151 2036 '
238 2021 384 2097 erhardi
408 2047 518 2121 prope
543 2025 766 2125 Thuregunr‚
791 2026 839 2099 ita
863 2025 898 2099 se
922 2042 1026 2098 vocat
1048 2024 1135 2122 ipse,
1162 2024 1226 2103 sub

238 2144 347 2218 finem
374 2142 440 2219 sec.
470 2147 553 2245 XV.
580 2143 720 2244 scripti:
763 2170 869 2245 quem
898 2167 977 2218 mea
1002 2145 1131 2236 cauffo,
1161 2167 1225 2242 pro

238 2265 400 2364 lingulati
421 2253 485 2340 'sua
505 2266 543 2341 in
570 2292 626 2343 me
648 2265 905 2357 benevolentia,
930 2264 1100 2363 excerpfit
1125 2263 1160 2360 J.
1189 2263 1224 2360 J.
1281 2287 1284 2295 ·

241 2389 487 2490 Breitingerus,
501 2391 546 2462 V.
562 2389 605 2462 C.
633 2390 803 2464 Preterea
819 2386 905 2463 mihi
918 2375 1079 2485 Kappius
1095 2383 1237 2476 noster,

240 2516 412 2592 obtulerat
440 2510 630 2587 editionem
649 2508 743 2605 (vid.
761 2533 842 2608 pag.
858 2509 916 2606 36.
933 2506 996 2582 lin.
1009 2509 1089 2604 eo.)
1117 2505 1226 2581 libelli
1253 2521 1258 2527 ·

239 2630 473 2724 vetettimatn,
497 2656 569 2733 qua
591 2631 827 2729 comparanda
852 2652 936 2703 cum
956 2627 1115 2727 ,vulgatis
1139 2648 1225 2728 cog-

240 2754 338 2848 novi,
360 2757 427 2831 effe
443 2753 543 2829 illum
561 2750 674 2852 ipsum
690 2750 873 2840 codicem,
901 2768 1009 2848 quem
1034 2751 1081 2822 ab
1106 2750 1226 2822 Arrol-

241 2881 316 2978 pbo
330 2875 471 2955 medico
491 2895 668 2974 acceperat
692 2871 893 2951 Rhenanus.
945 2867 1032 2968 Ejus
1048 2889 1117 2968 ope
1140 2867 1228 2946 mibi

241 2998 339 3073 licuit
350 2995 498 3094 reperite
509 2982 680 3094 originem
693 2993 896 3084 leffionum,
910 2991 1119 3105 elibertano
1132 2989 1227 3087 (vid.

240 3144 322 3219 pag.
340 3141 399 3216 33.
428 3113 491 3188 lin.
513 3116 591 3208 ιο.)
615 3114 652 3188 in
676 3115 777 3191 illum
804 3113 966 3189 libellum
988 3111 1224 3199 induttrmm,

194 3275 203 3288 ,
243 3235 409 3336 &ipsum
433 3233 592 3335 libellum
620 3255 691 3307 non
717 3259 790 3318 uno
812 3233 850 3308 in
874 3236 956 3310 loco
982 3226 1226 3309 cotreffiorern

196 3382 198 3388 ‘
241 3356 397 3433 reddere.
446 3358 499 3431 lta
526 3372 643 3428 autem
661 3352 703 3449 ¹in
727 3354 848 3435 moltis
864 3347 1031 3432 consentit
1055 3374 1139 3427 cum
1160 3372 1225 3426 ex·

242 3476 369 3575 cerptir
384 3476 511 3551 veteris
525 3472 699 3565 editionis,
715 3477 762 3549 ab
777 3478 866 3558 Abt.
875 3468 1068 3550 'Gronorio
1083 3468 1226 3571 adjettir

151 3707 153 3716 ἲ
239 3597 324 3675 'Van
350 3597 452 3675 Leo.
469 3596 561 3680 Cod.
579 3594 716 3672 Arund.
741 3615 780 3712 ot
804 3597 850 3671 ab
877 3593 975 3671 initio
991 3594 1139 3671 eandem
1157 3618 1224 3692 pu·
