<?xml version="1.0" encoding="UTF-8"?>
<!DOCTYPE html PUBLIC "-//W3C//DTD XHTML 1.0 Transitional//EN"
    "http://www.w3.org/TR/xhtml1/DTD/xhtml1-transitional.dtd">
<html xmlns="http://www.w3.org/1999/xhtml" xml:lang="en" lang="en">
 <head>
  <title>
</title>
<meta http-equiv="Content-Type" content="text/html;charset=utf-8" />
  <meta name='ocr-system' content='tesseract 3.04.00' />
  <meta name='ocr-capabilities' content='ocr_page ocr_carea ocr_par ocr_line ocrx_word'/>
</head>
<body>
  <div class='ocr_page' id='page_1' title='image "./ccorneliitaciti00freigoog_0060.png"; bbox 0 0 2738 4710; ppageno 0'>
   <div class='ocr_carea' id='block_1_1' title="bbox 349 318 1162 445">
    <p class='ocr_par' dir='ltr' id='par_1_1' title="bbox 349 318 1162 445">
     <span class='ocr_line' id='line_1_1' title="bbox 349 318 1162 445; baseline 0.006 -46"><span class='ocrx_word' id='word_1_1' title='bbox 349 400 351 410; x_wconf 76' lang='grc'>,</span> <span class='ocrx_word' id='word_1_2' title='bbox 404 318 721 445; x_wconf 68' lang='lat' dir='ltr'>Auunnruu</span> <span class='ocrx_word' id='word_1_3' title='bbox 756 326 871 401; x_wconf 82' lang='lat' dir='ltr'>Lrs.</span> <span class='ocrx_word' id='word_1_4' title='bbox 896 323 926 402; x_wconf 89' lang='grc' dir='ltr'>Ι.</span> <span class='ocrx_word' id='word_1_5' title='bbox 1136 359 1162 431; x_wconf 80' lang='lat'>9</span> 
     </span>
    </p>
   </div>
   <div class='ocr_carea' id='block_1_2' title="bbox 75 492 1281 2665">
    <p class='ocr_par' dir='ltr' id='par_1_2' title="bbox 75 492 1281 2665">
     <span class='ocr_line' id='line_1_2' title="bbox 168 492 1162 598; baseline 0.003 -20"><span class='ocrx_word' id='word_1_6' title='bbox 168 492 327 578; x_wconf 83' lang='lat' dir='ltr'>consules</span> <span class='ocrx_word' id='word_1_7' title='bbox 342 498 550 598; x_wconf 87' lang='lat' dir='ltr'>incipiebat,</span> <span class='ocrx_word' id='word_1_8' title='bbox 578 519 759 598; x_wconf 82' lang='lat' dir='ltr'>tamquam</span> <span class='ocrx_word' id='word_1_9' title='bbox 782 521 896 575; x_wconf 90' lang='lat' dir='ltr'>vetere</span> <span class='ocrx_word' id='word_1_10' title='bbox 911 502 1102 598; x_wconf 58' lang='lat' dir='ltr'>republicis,</span> <span class='ocrx_word' id='word_1_11' title='bbox 1127 511 1162 581; x_wconf 72' lang='grc' dir='ltr'>δε</span> 
     </span>
     <span class='ocr_line' id='line_1_3' title="bbox 168 620 1163 730; baseline 0.001 -30"><span class='ocrx_word' id='word_1_12' title='bbox 168 620 358 723; x_wconf 74' lang='lat' dir='ltr'>ambiguus</span> <span class='ocrx_word' id='word_1_13' title='bbox 392 620 614 719; x_wconf 83' lang='lat' dir='ltr'>imperandi:</span> <span class='ocrx_word' id='word_1_14' title='bbox 635 647 679 694; x_wconf 90' lang='lat' dir='ltr'>ne</span> <span class='ocrx_word' id='word_1_15' title='bbox 712 622 866 698; x_wconf 73' lang='lat' dir='ltr'>edictum</span> <span class='ocrx_word' id='word_1_16' title='bbox 899 623 1059 730; x_wconf 88' lang='lat' dir='ltr'>quidem,</span> <span class='ocrx_word' id='word_1_17' title='bbox 1090 653 1163 725; x_wconf 92' lang='lat' dir='ltr'>quo</span> 
     </span>
     <span class='ocr_line' id='line_1_4' title="bbox 168 742 1161 847; baseline 0.003 -29"><span class='ocrx_word' id='word_1_18' title='bbox 168 765 287 847; x_wconf 84' lang='lat' dir='ltr'>patres</span> <span class='ocrx_word' id='word_1_19' title='bbox 302 745 337 819; x_wconf 93' lang='lat' dir='ltr'>in</span> <span class='ocrx_word' id='word_1_20' title='bbox 367 743 504 819; x_wconf 83' lang='lat' dir='ltr'>curiam</span> <span class='ocrx_word' id='word_1_21' title='bbox 531 745 695 834; x_wconf 80' lang='lat' dir='ltr'>vocabat,</span> <span class='ocrx_word' id='word_1_22' title='bbox 724 742 785 817; x_wconf 85' lang='lat' dir='ltr'>nisr</span> <span class='ocrx_word' id='word_1_23' title='bbox 802 743 996 819; x_wconf 86' lang='lat' dir='ltr'>tribuniciae</span> <span class='ocrx_word' id='word_1_24' title='bbox 1014 747 1161 844; x_wconf 62' lang='lat' dir='ltr'>potesta</span> 
     </span>
     <span class='ocr_line' id='line_1_5' title="bbox 167 861 1161 967; baseline 0 -26"><span class='ocrx_word' id='word_1_25' title='bbox 167 867 219 941; x_wconf 88' lang='lat' dir='ltr'>tis</span> <span class='ocrx_word' id='word_1_26' title='bbox 253 865 508 967; x_wconf 87' lang='lat' dir='ltr'>praescriptione</span> <span class='ocrx_word' id='word_1_27' title='bbox 546 861 672 963; x_wconf 88' lang='lat' dir='ltr'>posuit,</span> <span class='ocrx_word' id='word_1_28' title='bbox 703 863 765 938; x_wconf 89' lang='lat' dir='ltr'>sub</span> <span class='ocrx_word' id='word_1_29' title='bbox 803 866 965 962; x_wconf 85' lang='lat' dir='ltr'>Augusto</span> <span class='ocrx_word' id='word_1_30' title='bbox 996 888 1161 966; x_wconf 80' lang='lat' dir='ltr'>acceptae.</span> 
     </span>
     <span class='ocr_line' id='line_1_6' title="bbox 168 984 1160 1086; baseline 0.002 -23"><span class='ocrx_word' id='word_1_31' title='bbox 168 992 288 1064; x_wconf 84' lang='lat' dir='ltr'>Verba</span> <span class='ocrx_word' id='word_1_32' title='bbox 314 988 424 1065; x_wconf 74' lang='lat' dir='ltr'>edicti</span> <span class='ocrx_word' id='word_1_33' title='bbox 449 985 545 1060; x_wconf 71' lang='lat' dir='ltr'>sudre</span> <span class='ocrx_word' id='word_1_34' title='bbox 579 1012 702 1083; x_wconf 86' lang='lat' dir='ltr'>pauca,</span> <span class='ocrx_word' id='word_1_35' title='bbox 734 990 769 1059; x_wconf 75' lang='grc' dir='ltr'>δι</span> <span class='ocrx_word' id='word_1_36' title='bbox 802 984 898 1060; x_wconf 91' lang='lat' dir='ltr'>sensu</span> <span class='ocrx_word' id='word_1_37' title='bbox 915 990 1160 1086; x_wconf 85' lang='lat' dir='ltr'>permodesto:</span> 
     </span>
     <span class='ocr_line' id='line_1_7' title="bbox 167 1106 1161 1209; baseline -0.002 -22"><span class='ocrx_word' id='word_1_38' title='bbox 167 1118 203 1156; x_wconf 87' lang='lat'><strong><em>“</em></strong></span> <span class='ocrx_word' id='word_1_39' title='bbox 221 1112 267 1186; x_wconf 94' lang='lat' dir='ltr'>de</span> <span class='ocrx_word' id='word_1_40' title='bbox 282 1109 475 1185; x_wconf 86' lang='lat' dir='ltr'>honoribus</span> <span class='ocrx_word' id='word_1_41' title='bbox 508 1107 658 1206; x_wconf 89' lang='lat' dir='ltr'>parentis</span> <span class='ocrx_word' id='word_1_42' title='bbox 675 1106 937 1182; x_wconf 81' lang='lat' dir='ltr'>consulturum:</span> <span class='ocrx_word' id='word_1_43' title='bbox 957 1133 1076 1209; x_wconf 87' lang='lat' dir='ltr'>neque</span> <span class='ocrx_word' id='word_1_44' title='bbox 1097 1113 1161 1185; x_wconf 90' lang='lat' dir='ltr'>ab·</span> 
     </span>
     <span class='ocr_line' id='line_1_8' title="bbox 171 1228 1162 1328; baseline 0.001 -21"><span class='ocrx_word' id='word_1_45' title='bbox 171 1242 202 1281; x_wconf 87' lang='lat'><strong>“</strong></span> <span class='ocrx_word' id='word_1_46' title='bbox 223 1231 359 1307; x_wconf 87' lang='lat' dir='ltr'>scedere</span> <span class='ocrx_word' id='word_1_47' title='bbox 376 1259 398 1305; x_wconf 87' lang='lat' dir='ltr'>a</span> <span class='ocrx_word' id='word_1_48' title='bbox 414 1255 580 1328; x_wconf 89' lang='lat' dir='ltr'>corpore:</span> <span class='ocrx_word' id='word_1_49' title='bbox 600 1228 708 1327; x_wconf 87' lang='lat' dir='ltr'>idque</span> <span class='ocrx_word' id='word_1_50' title='bbox 724 1255 836 1303; x_wconf 89' lang='lat' dir='ltr'>unum</span> <span class='ocrx_word' id='word_1_51' title='bbox 851 1254 897 1302; x_wconf 87' lang='lat' dir='ltr'>ex</span> <span class='ocrx_word' id='word_1_52' title='bbox 915 1231 1065 1327; x_wconf 87' lang='lat' dir='ltr'>publicis</span> <span class='ocrx_word' id='word_1_53' title='bbox 1081 1259 1162 1307; x_wconf 90' lang='lat' dir='ltr'>mu·</span> 
     </span>
     <span class='ocr_line' id='line_1_9' title="bbox 171 1349 1161 1452; baseline 0.001 -24"><span class='ocrx_word' id='word_1_54' title='bbox 171 1363 202 1398; x_wconf 90' lang='lat'><strong>“</strong></span> <span class='ocrx_word' id='word_1_55' title='bbox 223 1355 363 1428; x_wconf 87' lang='lat' dir='ltr'>neribus</span> <span class='ocrx_word' id='word_1_56' title='bbox 372 1351 565 1449; x_wconf 87' lang='lat' dir='ltr'>usurpare.”</span> <span class='ocrx_word' id='word_1_57' title='bbox 581 1351 649 1427; x_wconf 88' lang='lat' dir='ltr'>Sed</span> <span class='ocrx_word' id='word_1_58' title='bbox 661 1349 827 1424; x_wconf 54' lang='lat' dir='ltr'>defuneto</span> <span class='ocrx_word' id='word_1_59' title='bbox 834 1352 1009 1448; x_wconf 83' lang='lat' dir='ltr'>Augusto,</span> <span class='ocrx_word' id='word_1_60' title='bbox 1023 1355 1161 1452; x_wconf 85' lang='lat' dir='ltr'>slgmlm</span> 
     </span>
     <span class='ocr_line' id='line_1_10' title="bbox 172 1471 1162 1574; baseline 0.002 -26"><span class='ocrx_word' id='word_1_61' title='bbox 172 1471 347 1574; x_wconf 76' lang='lat' dir='ltr'>praetoriis</span> <span class='ocrx_word' id='word_1_62' title='bbox 363 1471 576 1562; x_wconf 86' lang='lat' dir='ltr'>cohortibus,</span> <span class='ocrx_word' id='word_1_63' title='bbox 601 1492 641 1548; x_wconf 90' lang='lat' dir='ltr'>ut</span> <span class='ocrx_word' id='word_1_64' title='bbox 657 1471 842 1571; x_wconf 84' lang='lat' dir='ltr'>imperator</span> <span class='ocrx_word' id='word_1_65' title='bbox 858 1473 1023 1546; x_wconf 81' lang='lat' dir='ltr'>dederat:</span> <span class='ocrx_word' id='word_1_66' title='bbox 1053 1499 1162 1550; x_wconf 84' lang='lat' dir='ltr'>excu-</span> 
     </span>
     <span class='ocr_line' id='line_1_11' title="bbox 172 1591 1281 1687; baseline 0 -17"><span class='ocrx_word' id='word_1_67' title='bbox 172 1596 262 1687; x_wconf 86' lang='lat' dir='ltr'>biae,</span> <span class='ocrx_word' id='word_1_68' title='bbox 291 1618 402 1683; x_wconf 83' lang='lat' dir='ltr'>arma,</span> <span class='ocrx_word' id='word_1_69' title='bbox 430 1612 541 1687; x_wconf 88' lang='lat' dir='ltr'>cetera</span> <span class='ocrx_word' id='word_1_70' title='bbox 554 1594 637 1668; x_wconf 86' lang='lat' dir='ltr'>aulae</span> <span class='ocrx_word' id='word_1_71' title='bbox 652 1592 781 1672; x_wconf 77' lang='lat' dir='ltr'>:miles</span> <span class='ocrx_word' id='word_1_72' title='bbox 798 1591 836 1664; x_wconf 92' lang='lat' dir='ltr'>in</span> <span class='ocrx_word' id='word_1_73' title='bbox 853 1591 981 1683; x_wconf 87' lang='lat' dir='ltr'>fomm,</span> <span class='ocrx_word' id='word_1_74' title='bbox 1008 1594 1107 1669; x_wconf 88' lang='lat' dir='ltr'>miles</span> <span class='ocrx_word' id='word_1_75' title='bbox 1124 1597 1162 1670; x_wconf 91' lang='lat' dir='ltr'>in</span> <span class='ocrx_word' id='word_1_76' title='bbox 1277 1609 1281 1623; x_wconf 93' lang='grc'><strong>’</strong></span> 
     </span>
     <span class='ocr_line' id='line_1_12' title="bbox 171 1711 1162 1815; baseline 0.001 -24"><span class='ocrx_word' id='word_1_77' title='bbox 171 1715 312 1791; x_wconf 88' lang='lat' dir='ltr'>curiam</span> <span class='ocrx_word' id='word_1_78' title='bbox 328 1711 579 1795; x_wconf 77' lang='lat' dir='ltr'>comitabatur:</span> <span class='ocrx_word' id='word_1_79' title='bbox 594 1714 706 1815; x_wconf 82' lang='lat' dir='ltr'>literas</span> <span class='ocrx_word' id='word_1_80' title='bbox 719 1715 764 1787; x_wconf 90' lang='lat' dir='ltr'>ad</span> <span class='ocrx_word' id='word_1_81' title='bbox 777 1713 962 1803; x_wconf 80' lang='lat' dir='ltr'>exercitus,</span> <span class='ocrx_word' id='word_1_82' title='bbox 981 1733 1162 1815; x_wconf 80' lang='lat' dir='ltr'>tamquam</span> 
     </span>
     <span class='ocr_line' id='line_1_13' title="bbox 170 1832 1162 1934; baseline -0.001 -23"><span class='ocrx_word' id='word_1_83' title='bbox 170 1838 310 1934; x_wconf 86' lang='lat' dir='ltr'>adepto</span> <span class='ocrx_word' id='word_1_84' title='bbox 327 1832 544 1933; x_wconf 67' lang='lat' dir='ltr'>principatu,</span> <span class='ocrx_word' id='word_1_85' title='bbox 561 1834 673 1917; x_wconf 84' lang='lat' dir='ltr'>mifit:</span> <span class='ocrx_word' id='word_1_86' title='bbox 693 1833 863 1934; x_wconf 86' lang='lat' dir='ltr'>nusquam</span> <span class='ocrx_word' id='word_1_87' title='bbox 881 1835 1162 1930; x_wconf 75' lang='lat' dir='ltr'>cunctabundus,</span> 
     </span>
     <span class='ocr_line' id='line_1_14' title="bbox 170 1955 1162 2057; baseline 0.003 -26"><span class='ocrx_word' id='word_1_88' title='bbox 170 1957 239 2043; x_wconf 86' lang='lat' dir='ltr'>nifi</span> <span class='ocrx_word' id='word_1_89' title='bbox 257 1957 341 2032; x_wconf 75' lang='lat' dir='ltr'>cum</span> <span class='ocrx_word' id='word_1_90' title='bbox 358 1955 396 2030; x_wconf 89' lang='lat' dir='ltr'>in</span> <span class='ocrx_word' id='word_1_91' title='bbox 428 1955 543 2031; x_wconf 88' lang='lat' dir='ltr'>senatu</span> <span class='ocrx_word' id='word_1_92' title='bbox 559 1959 768 2057; x_wconf 89' lang='lat' dir='ltr'>loqueretur.</span> <span class='ocrx_word' id='word_1_93' title='bbox 786 1956 896 2033; x_wconf 82' lang='lat' dir='ltr'>Causa</span> <span class='ocrx_word' id='word_1_94' title='bbox 925 1956 1099 2056; x_wconf 85' lang='lat' dir='ltr'>praecipua</span> <span class='ocrx_word' id='word_1_95' title='bbox 1115 1985 1162 2034; x_wconf 85' lang='lat' dir='ltr'>ex</span> 
     </span>
     <span class='ocr_line' id='line_1_15' title="bbox 167 2077 1163 2183; baseline 0.001 -29"><span class='ocrx_word' id='word_1_96' title='bbox 167 2077 377 2169; x_wconf 89' lang='lat' dir='ltr'>formidine,</span> <span class='ocrx_word' id='word_1_97' title='bbox 410 2103 457 2152; x_wconf 90' lang='lat' dir='ltr'>ne</span> <span class='ocrx_word' id='word_1_98' title='bbox 473 2079 716 2172; x_wconf 87' lang='lat' dir='ltr'>Germanicus,</span> <span class='ocrx_word' id='word_1_99' title='bbox 751 2079 788 2153; x_wconf 89' lang='lat' dir='ltr'>in</span> <span class='ocrx_word' id='word_1_100' title='bbox 804 2077 901 2183; x_wconf 80' lang='lat' dir='ltr'>cujus</span> <span class='ocrx_word' id='word_1_101' title='bbox 918 2106 1024 2155; x_wconf 89' lang='lat' dir='ltr'>manu</span> <span class='ocrx_word' id='word_1_102' title='bbox 1041 2101 1095 2157; x_wconf 91' lang='lat' dir='ltr'>tot</span> <span class='ocrx_word' id='word_1_103' title='bbox 1111 2082 1163 2155; x_wconf 91' lang='lat' dir='ltr'>Ie·</span> 
     </span>
     <span class='ocr_line' id='line_1_16' title="bbox 168 2196 1164 2302; baseline 0.003 -27"><span class='ocrx_word' id='word_1_104' title='bbox 168 2200 311 2300; x_wconf 86' lang='lat' dir='ltr'>giones‚</span> <span class='ocrx_word' id='word_1_105' title='bbox 341 2196 512 2274; x_wconf 84' lang='lat' dir='ltr'>immensa</span> <span class='ocrx_word' id='word_1_106' title='bbox 539 2199 713 2279; x_wconf 89' lang='lat' dir='ltr'>sociorum</span> <span class='ocrx_word' id='word_1_107' title='bbox 750 2202 893 2294; x_wconf 86' lang='lat' dir='ltr'>auxilia,</span> <span class='ocrx_word' id='word_1_108' title='bbox 928 2201 1035 2277; x_wconf 69' lang='lat' dir='ltr'>misus</span> <span class='ocrx_word' id='word_1_109' title='bbox 1067 2205 1164 2302; x_wconf 87' lang='lat' dir='ltr'>apud</span> 
     </span>
     <span class='ocr_line' id='line_1_17' title="bbox 167 2311 1164 2431; baseline 0.006 -38"><span class='ocrx_word' id='word_1_110' title='bbox 167 2323 347 2420; x_wconf 85' lang='lat' dir='ltr'>populum</span> <span class='ocrx_word' id='word_1_111' title='bbox 363 2318 477 2412; x_wconf 86' lang='lat' dir='ltr'>favor,</span> <span class='ocrx_word' id='word_1_112' title='bbox 510 2321 864 2431; x_wconf 12' lang='lat' dir='ltr'>habetelimperium,</span> <span class='ocrx_word' id='word_1_113' title='bbox 895 2323 1003 2422; x_wconf 72' lang='lat' dir='ltr'>quim</span> <span class='ocrx_word' id='word_1_114' title='bbox 1020 2311 1164 2423; x_wconf 86' lang='lat' dir='ltr'>exspec-</span> 
     </span>
     <span class='ocr_line' id='line_1_18' title="bbox 75 2441 1165 2546; baseline 0.005 -30"><span class='ocrx_word' id='word_1_115' title='bbox 75 2448 79 2454; x_wconf 80' lang='grc'><strong>“</strong></span> <span class='ocrx_word' id='word_1_116' title='bbox 166 2462 247 2516; x_wconf 86' lang='lat' dir='ltr'>tare</span> <span class='ocrx_word' id='word_1_117' title='bbox 263 2444 394 2517; x_wconf 80' lang='lat' dir='ltr'>mallet.</span> <span class='ocrx_word' id='word_1_118' title='bbox 424 2444 543 2516; x_wconf 86' lang='lat' dir='ltr'>Dabat</span> <span class='ocrx_word' id='word_1_119' title='bbox 561 2447 595 2517; x_wconf 76' lang='grc' dir='ltr'>δι</span> <span class='ocrx_word' id='word_1_120' title='bbox 611 2441 727 2535; x_wconf 75' lang='lat' dir='ltr'>fatuae,</span> <span class='ocrx_word' id='word_1_121' title='bbox 749 2464 788 2518; x_wconf 91' lang='lat' dir='ltr'>ut</span> <span class='ocrx_word' id='word_1_122' title='bbox 805 2464 949 2519; x_wconf 87' lang='lat' dir='ltr'>vocatus</span> <span class='ocrx_word' id='word_1_123' title='bbox 967 2443 1165 2546; x_wconf 67' lang='lat' dir='ltr'>elesiusque</span> 
     </span>
     <span class='ocr_line' id='line_1_19' title="bbox 130 2562 1164 2665; baseline 0.008 -31"><span class='ocrx_word' id='word_1_124' title='bbox 130 2648 133 2653; x_wconf 65' lang='lat'><em>,</em></span> <span class='ocrx_word' id='word_1_125' title='bbox 172 2562 332 2661; x_wconf 80' lang='lat' dir='ltr'>potitisa</span> <span class='ocrx_word' id='word_1_126' title='bbox 363 2562 540 2661; x_wconf 63' lang='lat' dir='ltr'>republicis</span> <span class='ocrx_word' id='word_1_127' title='bbox 568 2563 754 2656; x_wconf 86' lang='lat' dir='ltr'>videretur,</span> <span class='ocrx_word' id='word_1_128' title='bbox 782 2565 890 2665; x_wconf 71' lang='lat' dir='ltr'>quim</span> <span class='ocrx_word' id='word_1_129' title='bbox 907 2592 967 2665; x_wconf 92' lang='lat' dir='ltr'>per</span> <span class='ocrx_word' id='word_1_130' title='bbox 999 2567 1164 2642; x_wconf 85' lang='lat' dir='ltr'>uxorium</span> 
     </span>
    </p>
   </div>
   <div class='ocr_carea' id='block_1_3' title="bbox 169 2680 1308 2787">
    <p class='ocr_par' dir='ltr' id='par_1_3' title="bbox 169 2680 1308 2787">
     <span class='ocr_line' id='line_1_20' title="bbox 169 2680 1308 2787; baseline 0.004 -31"><span class='ocrx_word' id='word_1_131' title='bbox 169 2682 367 2775; x_wconf 78' lang='lat' dir='ltr'>ambitum,</span> <span class='ocrx_word' id='word_1_132' title='bbox 398 2680 432 2758; x_wconf 68' lang='grc' dir='ltr'>’δι</span> <span class='ocrx_word' id='word_1_133' title='bbox 465 2683 561 2758; x_wconf 90' lang='lat' dir='ltr'>seniIi</span> <span class='ocrx_word' id='word_1_134' title='bbox 593 2686 781 2785; x_wconf 80' lang='lat' dir='ltr'>adoptione</span> <span class='ocrx_word' id='word_1_135' title='bbox 813 2687 994 2785; x_wconf 83' lang='lat' dir='ltr'>inrepfiffe.</span> <span class='ocrx_word' id='word_1_136' title='bbox 1029 2686 1167 2787; x_wconf 76' lang='lat' dir='ltr'>¹Postea</span> <span class='ocrx_word' id='word_1_137' title='bbox 1306 2714 1308 2726; x_wconf 91' lang='lat'>·</span> 
     </span>
    </p>
   </div>
   <div class='ocr_carea' id='block_1_4' title="bbox 149 2804 1229 3882">
    <p class='ocr_par' dir='ltr' id='par_1_4' title="bbox 149 2804 1229 3882">
     <span class='ocr_line' id='line_1_21' title="bbox 149 2804 1166 2906; baseline 0.004 -30"><span class='ocrx_word' id='word_1_138' title='bbox 149 2804 363 2903; x_wconf 74' lang='lat' dir='ltr'>cognitum</span> <span class='ocrx_word' id='word_1_139' title='bbox 379 2805 443 2896; x_wconf 91' lang='lat' dir='ltr'>est,</span> <span class='ocrx_word' id='word_1_140' title='bbox 472 2807 518 2880; x_wconf 90' lang='lat' dir='ltr'>ad</span> <span class='ocrx_word' id='word_1_141' title='bbox 546 2806 827 2906; x_wconf 85' lang='lat' dir='ltr'>introspiciendas</span> <span class='ocrx_word' id='word_1_142' title='bbox 844 2807 950 2881; x_wconf 83' lang='lat' dir='ltr'>etiam</span> <span class='ocrx_word' id='word_1_143' title='bbox 983 2829 1166 2903; x_wconf 87' lang='lat' dir='ltr'>procerum</span> 
     </span>
     <span class='ocr_line' id='line_1_22' title="bbox 171 2925 1164 3017; baseline 0.002 -21"><span class='ocrx_word' id='word_1_144' title='bbox 171 2925 394 3017; x_wconf 80' lang='lat' dir='ltr'>voluntates,</span> <span class='ocrx_word' id='word_1_145' title='bbox 424 2927 602 3003; x_wconf 71' lang='lat' dir='ltr'>inductam</span> <span class='ocrx_word' id='word_1_146' title='bbox 629 2927 910 3003; x_wconf 88' lang='lat' dir='ltr'>dubitationem:</span> <span class='ocrx_word' id='word_1_147' title='bbox 929 2950 1011 2998; x_wconf 92' lang='lat' dir='ltr'>nam</span> <span class='ocrx_word' id='word_1_148' title='bbox 1043 2927 1164 3017; x_wconf 86' lang='lat' dir='ltr'>verba,</span> 
     </span>
     <span class='ocr_line' id='line_1_23' title="bbox 164 3043 1085 3149; baseline 0.003 -32"><span class='ocrx_word' id='word_1_149' title='bbox 164 3043 315 3135; x_wconf 68' lang='lat' dir='ltr'>vultus,</span> <span class='ocrx_word' id='word_1_150' title='bbox 343 3044 381 3117; x_wconf 92' lang='lat' dir='ltr'>in</span> <span class='ocrx_word' id='word_1_151' title='bbox 396 3044 527 3119; x_wconf 88' lang='lat' dir='ltr'>crimen</span> <span class='ocrx_word' id='word_1_152' title='bbox 542 3049 748 3149; x_wconf 88' lang='lat' dir='ltr'>detorquens</span> <span class='ocrx_word' id='word_1_153' title='bbox 763 3047 984 3121; x_wconf 69' lang='lat' dir='ltr'>recondebat:</span> <span class='ocrx_word' id='word_1_154' title='bbox 1084 3060 1085 3063; x_wconf 76' lang='grc'>’</span> 
     </span>
     <span class='ocr_line' id='line_1_24' title="bbox 222 3165 1167 3268; baseline 0.007 -31"><span class='ocrx_word' id='word_1_155' title='bbox 222 3165 319 3238; x_wconf 92' lang='lat' dir='ltr'>VIII.</span> <span class='ocrx_word' id='word_1_156' title='bbox 345 3165 387 3239; x_wconf 95' lang='lat' dir='ltr'>N</span> <span class='ocrx_word' id='word_1_157' title='bbox 388 3188 477 3241; x_wconf 72' lang='lat' dir='ltr'>turn</span> <span class='ocrx_word' id='word_1_158' title='bbox 491 3166 602 3264; x_wconf 88' lang='lat' dir='ltr'>primo</span> <span class='ocrx_word' id='word_1_159' title='bbox 612 3169 744 3245; x_wconf 79' lang='lat' dir='ltr'>senatds</span> <span class='ocrx_word' id='word_1_160' title='bbox 754 3168 812 3243; x_wconf 92' lang='lat' dir='ltr'>die</span> <span class='ocrx_word' id='word_1_161' title='bbox 828 3168 887 3268; x_wconf 86' lang='lat' dir='ltr'>agi</span> <span class='ocrx_word' id='word_1_162' title='bbox 897 3170 1024 3267; x_wconf 79' lang='lat' dir='ltr'>passus,</span> <span class='ocrx_word' id='word_1_163' title='bbox 1043 3166 1104 3241; x_wconf 84' lang='lat' dir='ltr'>nist</span> <span class='ocrx_word' id='word_1_164' title='bbox 1120 3169 1167 3244; x_wconf 88' lang='lat' dir='ltr'>de</span> 
     </span>
     <span class='ocr_line' id='line_1_25' title="bbox 167 3284 1167 3390; baseline 0.004 -29"><span class='ocrx_word' id='word_1_165' title='bbox 167 3284 347 3384; x_wconf 89' lang='lat' dir='ltr'>supremis</span> <span class='ocrx_word' id='word_1_166' title='bbox 364 3288 530 3388; x_wconf 81' lang='lat' dir='ltr'>Augusti,</span> <span class='ocrx_word' id='word_1_167' title='bbox 565 3290 659 3390; x_wconf 77' lang='lat' dir='ltr'>cujus</span> <span class='ocrx_word' id='word_1_168' title='bbox 681 3292 923 3366; x_wconf 85' lang='lat' dir='ltr'>testamentum</span> <span class='ocrx_word' id='word_1_169' title='bbox 940 3291 1089 3364; x_wconf 88' lang='lat' dir='ltr'>inlatum</span> <span class='ocrx_word' id='word_1_170' title='bbox 1105 3316 1167 3388; x_wconf 88' lang='lat' dir='ltr'>per</span> 
     </span>
     <span class='ocr_line' id='line_1_26' title="bbox 149 3406 1165 3514; baseline 0.007 -34"><span class='ocrx_word' id='word_1_171' title='bbox 149 3510 152 3514; x_wconf 7' lang='grc' dir='ltr'><strong>λ</strong></span> <span class='ocrx_word' id='word_1_172' title='bbox 171 3406 329 3507; x_wconf 82' lang='lat' dir='ltr'>virgines</span> <span class='ocrx_word' id='word_1_173' title='bbox 345 3410 471 3502; x_wconf 82' lang='lat' dir='ltr'>Vestae,</span> <span class='ocrx_word' id='word_1_174' title='bbox 489 3411 721 3487; x_wconf 84' lang='lat' dir='ltr'>Tiberium&amp;</span> <span class='ocrx_word' id='word_1_175' title='bbox 739 3411 881 3487; x_wconf 86' lang='lat' dir='ltr'>Liviam</span> <span class='ocrx_word' id='word_1_176' title='bbox 893 3413 1035 3487; x_wconf 90' lang='lat' dir='ltr'>heredes</span> <span class='ocrx_word' id='word_1_177' title='bbox 1053 3412 1165 3487; x_wconf 85' lang='lat' dir='ltr'>habu·</span> 
     </span>
     <span class='ocr_line' id='line_1_27' title="bbox 169 3528 1229 3632; baseline 0.003 -27"><span class='ocrx_word' id='word_1_178' title='bbox 169 3528 215 3605; x_wconf 90' lang='lat' dir='ltr'>it.</span> <span class='ocrx_word' id='word_1_179' title='bbox 252 3530 410 3628; x_wconf 83' lang='lat' dir='ltr'>Liviain</span> <span class='ocrx_word' id='word_1_180' title='bbox 425 3529 595 3608; x_wconf 85' lang='lat' dir='ltr'>familiam</span> <span class='ocrx_word' id='word_1_181' title='bbox 612 3533 758 3629; x_wconf 84' lang='lat' dir='ltr'>Juliam,</span> <span class='ocrx_word' id='word_1_182' title='bbox 777 3558 976 3630; x_wconf 85' lang='lat' dir='ltr'>nomenque</span> <span class='ocrx_word' id='word_1_183' title='bbox 999 3533 1168 3632; x_wconf 76' lang='lat' dir='ltr'>Augusta:</span> <span class='ocrx_word' id='word_1_184' title='bbox 1223 3609 1229 3618; x_wconf 83' lang='grc'><em>,</em></span> 
     </span>
     <span class='ocr_line' id='line_1_28' title="bbox 171 3637 1184 3759; baseline 0.001 -35"><span class='ocrx_word' id='word_1_185' title='bbox 171 3648 446 3728; x_wconf 88' lang='lat' dir='ltr'>adsumebatur:</span> <span class='ocrx_word' id='word_1_186' title='bbox 483 3652 520 3725; x_wconf 92' lang='lat' dir='ltr'>in</span> <span class='ocrx_word' id='word_1_187' title='bbox 545 3652 643 3751; x_wconf 91' lang='lat' dir='ltr'>spem</span> <span class='ocrx_word' id='word_1_188' title='bbox 670 3654 857 3729; x_wconf 89' lang='lat' dir='ltr'>secundam</span> <span class='ocrx_word' id='word_1_189' title='bbox 874 3637 1018 3749; x_wconf 89' lang='lat' dir='ltr'>nepotes</span> <span class='ocrx_word' id='word_1_190' title='bbox 1044 3677 1184 3759; x_wconf 16' lang='lat' dir='ltr'>prone-2</span> 
     </span>
     <span class='ocr_line' id='line_1_29' title="bbox 176 3760 1188 3882; baseline -0.006 -32"><span class='ocrx_word' id='word_1_191' title='bbox 176 3774 368 3882; x_wconf 73' lang='lat' dir='ltr'>potesque:</span> <span class='ocrx_word' id='word_1_192' title='bbox 388 3772 492 3850; x_wconf 88' lang='lat' dir='ltr'>tertio</span> <span class='ocrx_word' id='word_1_193' title='bbox 505 3775 617 3872; x_wconf 85' lang='lat' dir='ltr'>gradu</span> <span class='ocrx_word' id='word_1_194' title='bbox 627 3773 793 3873; x_wconf 87' lang='lat' dir='ltr'>primores</span> <span class='ocrx_word' id='word_1_195' title='bbox 809 3771 957 3850; x_wconf 87' lang='lat' dir='ltr'>civitatis</span> <span class='ocrx_word' id='word_1_196' title='bbox 974 3770 1166 3870; x_wconf 77' lang='lat' dir='ltr'>scripserat:</span> <span class='ocrx_word' id='word_1_197' title='bbox 1185 3760 1188 3763; x_wconf 32' lang='lat'>¹</span> 
     </span>
    </p>
   </div>
   <div class='ocr_carea' id='block_1_5' title="bbox 0 0 1379 4710">
    <p class='ocr_par' dir='ltr' id='par_1_5' title="bbox 0 0 1379 4710">
     <span class='ocr_line' id='line_1_30' title="bbox 0 0 1379 4710; baseline 0 0"><span class='ocrx_word' id='word_1_198' title='bbox 0 0 1379 4710; x_wconf 95' lang='lat' dir='ltr'> </span> 
     </span>
    </p>
   </div>
  </div>
 </body>
</html>
