2760 4718
280 309 349 406 238
477 303 1060 395 econamum

161 526 164 533 ·
240 493 243 503 ’
278 480 379 580 super
410 481 566 571 deledtae,
601 479 801 579 augendam
828 479 874 556 ad
902 477 1140 557 formidinem.
1190 485 1261 563 Sed

279 603 340 700 qui
369 603 501 676 vallum
524 600 706 698 legionum
729 604 922 693 tentabant,
949 599 1048 681 facile
1070 607 1262 701 pelluntur·

196 777 198 787 ·
276 706 455 798 Thracum
482 721 627 813 auxilia,
653 723 834 821 repentino
857 723 994 798 incursu
1016 724 1146 817 territa,
1171 710 1261 803 ciam

276 871 356 946 pars
372 842 626 918 munitionibus
654 843 860 941 adjacerent,
887 847 1003 942 plures
1033 844 1128 920 extra
1156 847 1259 943 pala-,

92 1001 102 1066 j
189 1035 191 1039 .
277 985 407 1056 rentur,
433 962 529 1038 tantb
546 962 707 1038 infenfius
723 968 811 1055 caesr,
838 965 971 1064 quanti)
1001 973 1029 1010 “
1047 964 1202 1065 persugae
1221 972 1261 1046 ὃς

277 1094 305 1167 ,“
325 1085 532 1185 proditores,
559 1083 644 1158 serre
670 1111 767 1160 arma
794 1088 840 1161 ad
860 1085 961 1165 suum
977 1087 1167 1187 patriaque
1186 1084 1260 1162 ser·
1298 1177 1300 1180 y
1323 1096 1327 1117 '

276 1215 305 1252 “
324 1206 491 1297 vitium,’'
516 1205 770 1282 incusabantur.

322 1330 461 1404 XLIX.
483 1330 666 1403 Posrana
693 1329 751 1403 die
767 1329 914 1407 Sabinus
933 1329 1125 1405 exercitum
1150 1356 1256 1429 aequo

274 1452 354 1541 loco
382 1432 544 1541 ostendit,
580 1452 602 1523 sr
628 1453 778 1541 barbari,
805 1449 959 1526 successu
986 1453 1097 1526 notris
1113 1452 1256 1543 alacres,

236 1666 239 1672 .
275 1574 443 1672 proelium
459 1573 644 1648 auderent:
674 1577 707 1645 &
726 1571 910 1672 postquam
926 1572 1080 1663 castello,
1098 1592 1156 1645 aut
1170 1598 1258 1646 con.

182 1779 184 1782 y
258 1699 260 1705 ’
268 1692 401 1795 junais
417 1692 561 1766 tumulis
573 1717 647 1766 non
661 1692 967 1791 degrediebantur,
980 1704 982 1708 ’
994 1693 1166 1767 obfidium
1181 1719 1258 1768 coe·

275 1815 328 1914 pit
344 1840 406 1912 per
424 1812 591 1911 praesrdia,
618 1837 698 1908 quae
726 1814 927 1910 opportune
947 1812 1023 1917 jam
1052 1814 1255 1893 muniebat:

272 1933 354 2007 dein
370 1931 493 2004 fossam
510 1932 725 2026 loricamque
749 1953 953 2022 contexens,
980 1955 1131 2030 quatuor
1146 1935 1259 2014 millia

272 2053 431 2148 passuum
452 2051 588 2120 ambitu
612 2049 795 2142 amplexus
822 2051 882 2122 est.
931 2053 1030 2124 Tum
1054 2057 1256 2149 paullatim,

270 2190 311 2244 ut
333 2193 462 2266 aquam
479 2166 719 2265 pabulumque
735 2166 896 2263 eriperet,
922 2173 1127 2248 contrahere
1143 2177 1256 2253 claus.

272 2310 326 2366 tra
360 2290 524 2386 ardiaque
552 2286 767 2362 circumdare
784 2290 866 2401 ²,&
903 2287 1093 2364 struebatur
1124 2319 1253 2392 agger,
1327 2352 1329 2355 -

272 2411 367 2486 unde
383 2408 476 2499 saxa,
489 2408 617 2498 thasie,
644 2407 740 2506 ignes
766 2406 1003 2507 propinquum
1012 2406 1088 2506 jam
1115 2412 1152 2486 in
1174 2415 1253 2489 hos·

272 2554 346 2609 tem
359 2530 567 2632 jacerentur.
615 2530 683 2604 Sed
699 2528 786 2604 nihil
804 2530 918 2628 aque,
946 2530 1054 2627 quarn
1067 2533 1148 2626 fitis,
1174 2533 1254 2610 fati·

273 2658 391 2754 gabat,
416 2653 500 2727 cum
516 2652 640 2751 ingens
666 2651 856 2738 multitudo
878 2653 1100 2745 bellatomm,
1126 2654 1253 2732 imbel-

272 2777 376 2866 lium,
401 2800 474 2858 uno
503 2772 639 2872 reliquo
661 2771 757 2847 sonte
785 2792 976 2850 uterentur.
1025 2774 1137 2850 Simul
1154 2777 1251 2876 equi,

271 2916 440 2986 armenta,
464 2914 504 2968 ut
532 2920 608 2968 mos
635 2893 803 2985 barbaris,
818 2892 919 2993 juxta
944 2894 1070 2986 clausa,
1098 2898 1252 2997 egestate

272 3016 393 3118 pabuli
426 3014 644 3093 exanimari:
683 3013 839 3113 adjacere
873 3042 1021 3114 corpora
1047 3020 1250 3113 hominum,

271 3166 361 3239 quos
379 3139 536 3227 vulnera,
563 3163 652 3233 quos
670 3135 736 3210 srtis
754 3157 970 3234 peremerat:
998 3139 1109 3236 pollui
1126 3142 1253 3219 cunda

269 3259 374 3350 sanie,
400 3257 520 3349 odore,
552 3259 724 3337 contadu.
775 3256 964 3355 Rebusque
992 3261 1149 3351 turbatis,
1176 3287 1250 3335 ma·

268 3381 344 3455 lum
380 3402 578 3455 extremum
617 3377 787 3453 discordia
819 3382 977 3468 acceffrt3
1014 3381 1069 3454 his
1096 3381 1248 3456 deditio·

240 3564 246 3571 t
270 3525 368 3591 nem,
385 3502 458 3576 aliis
476 3508 640 3592 mortem,
660 3505 694 3576 δι
713 3520 854 3574 mutuos
870 3499 959 3575 inter
977 3499 1009 3575 se
1026 3501 1256 3600 idusfflparan-

260 3620 385 3705 wtibus:
413 3627 447 3697 ὅ(
466 3644 577 3723 erant,
605 3621 666 3722 qui
693 3629 720 3667 “
738 3649 812 3705 non
829 3622 981 3717 inultum
1006 3622 1165 3713 exitium,
1191 3617 1253 3707 sed
