2760 4718
218 355 322 424 ,πῃ
444 306 1083 403 c.ct›nnrancrrr

251 527 369 582 tamen
393 507 588 581 offensionis
605 527 664 581 aut
682 508 795 580 metita
813 505 1013 581 manifestus
1035 505 1140 598 foret,
1171 512 1248 584 stne

242 626 428 726 responso,
453 654 670 726 quamquam
684 627 883 720 instantem,
912 626 1061 726 reliquit.
1109 629 1153 700 Id
1170 655 1248 728 ego

254 747 522 845 ascriptoribus
545 749 722 824 annalium
753 775 824 824 non
849 749 1030 839 traditum,
1063 749 1173 846 reperi
1203 751 1247 825 in

181 895 183 899 ·
252 868 512 951 commentariis
547 869 766 968 Agrippinae,
808 868 910 943 filiae:
954 895 1033 967 quae
1069 869 1244 961 Neronis,

252 990 437 1088 Principis,
475 1010 602 1082 mater,
640 991 750 1065 vitam
778 989 875 1064 suam
903 994 937 1066 bt
972 988 1070 1065 casus
1095 989 1244 1066 suorum
1356 1049 1359 1053 -

250 1111 394 1210 posteris
412 1110 632 1185 memoravit.
739 1123 741 1127 ’

251 1293 260 1303 ,
297 1234 397 1317 LIV,
424 1233 621 1306 Caranon
645 1230 787 1330 Sejanus
813 1252 1017 1307 maerentem
1046 1236 1079 1306 δι
1104 1231 1245 1331 impro-

249 1354 369 1428 vidam
391 1352 493 1428 altibs
518 1351 682 1451 perculit:
718 1352 887 1445 immisfis,
916 1354 978 1453 qui
1002 1379 1062 1451 per
1089 1351 1245 1453 speciem

214 1501 216 1505 ¹
247 1474 411 1550 amicitiae
433 1492 630 1564 monerent,
649 1466 696 1520 “‘
715 1494 877 1570 paratum
905 1475 936 1548 ei
964 1501 1156 1566 venenum,
1186 1475 1242 1549 vi-

254 1603 283 1639 “
302 1598 424 1670 tandas
441 1595 562 1675 ‘soceri
597 1596 755 1692 epulas.''
829 1601 953 1694 Atque
984 1596 1056 1687 illa,
1102 1598 1244 1679 simula-

249 1716 386 1793 tionum
421 1717 546 1807 nescia,
584 1717 667 1790 citm
695 1736 841 1815 propter
872 1715 1120 1807 discumberet,
1162 1743 1240 1790 non

250 1839 352 1911 vultu
377 1858 437 1912 aut
461 1838 619 1912 sermone
646 1837 752 1929 flecti,
787 1839 903 1913 nullos
924 1837 1090 1938 attingere
1118 1837 1238 1927 cibos,

248 1958 363 2032 donec
380 1959 530 2033 advertit
545 1959 725 2050 Tiberius,
743 1956 848 2050 sorte,
871 1985 916 2032 an
935 1959 1017 2057 quia
1033 1957 1237 2033 audiverat?
1307 2046 1312 2054 A

248 2076 358 2174 idque
382 2078 454 2173 quo
472 2077 583 2153 aetitia
606 2079 832 2176 experiretur,
856 2104 962 2177 poma
984 2099 1024 2152 ut
1050 2073 1148 2153 erant
1169 2076 1236 2152 ad·
1343 2144 1345 2149 ,
1368 2174 1373 2188 ⁸

248 2200 356 2296 posta
384 2199 542 2289 laudans,
569 2199 673 2273 nurui
693 2198 752 2275 sua
779 2225 884 2274 manu
910 2197 1063 2270 tradidit.
1114 2199 1236 2273 Auem

248 2343 360 2393 exeo
387 2318 531 2417 suspicio
558 2321 782 2422 Agrippinae,
813 2323 846 2394 ἃ
873 2318 1000 2392 intaeta
1025 2342 1100 2407 ore,
1127 2313 1233 2391 servia

248 2441 414 2515 tramisit:
442 2469 508 2517 nec
537 2465 655 2518 tamen
684 2441 821 2517 Tiberii
853 2468 926 2516 vox
956 2465 1073 2515 coram
1099 2434 1232 2531 secuta,

248 2559 307 2635 sed
337 2562 503 2643 obversus
536 2565 582 2636 ad
614 2583 775 2655 matrem,
819 2570 847 2606 “
865 2589 938 2635 non
969 2561 1138 2651 mirum‚’'
1171 2558 1235 2652 ait,

248 2687 318 2756 “st
346 2683 431 2782 quid
454 2681 603 2758 'severius
621 2682 657 2753 in
683 2706 761 2754 eam
783 2679 962 2770 statuisset,
989 2683 1100 2777 aqua
1124 2705 1234 2755 vene·

248 2812 277 2849 “
296 2805 365 2878 sicii
382 2800 665 2877 infirnularetur.”
713 2800 803 2872 Inde*
816 2816 953 2889 rumor,
982 2807 1009 2842 “
1029 2799 1138 2897 parari
1158 2802 1247 2875 exi-'

250 2933 278 2970 “
296 2925 403 3001 tium:
429 2947 544 3021 neque
561 2921 598 2994 id
615 2923 865 3018 Imperatorem
884 2920 1000 3017 palam
1016 2920 1159 3012 audere,
1182 2921 1235 2997 se·

248 3053 278 3090 “
295 3066 430 3122 cretum
455 3043 499 3116 ad
525 3042 797 3139 perpetrandum
822 3039 969 3138 quaeri.'’

295 3170 376 3243 LV.
402 3166 483 3238 Sto
496 3165 655 3254 CAEsnn,
671 3161 744 3261 qni)
765 3161 897 3237 samam
915 3182 1100 3255 averteret,
1119 3165 1235 3240 adesse

143 3370 147 3381 ,
248 3288 408 3385 frequens
440 3282 583 3373 senatui,
630 3281 830 3383 legatosque
858 3288 968 3375 Asta,
1015 3284 1236 3384 ambigentes

248 3417 277 3452 “
296 3435 448 3505 quanam
464 3407 500 3480 in
512 3405 649 3480 civitate
666 3406 840 3503 templum
861 3405 1099 3498 statueretur,'’
1117 3409 1246 3504 plures·

247 3554 308 3629 per
331 3529 405 3602 dies
421 3529 566 3604 audivit.
615 3526 796 3602 Undecim
816 3530 917 3601 urbes
941 3531 1129 3616 certabant,
1154 3525 1228 3621 pari

244 3646 450 3752 ambitione,
475 3649 609 3723 viribus
632 3648 794 3741 diversa:
822 3657 937 3748 neque
961 3649 1112 3723 multirm
1137 3645 1231 3721 inter

244 3767 454 3849 sedistantia
480 3771 739 3879 memorabant,
768 3779 795 3815 “
817 3772 864 3844 de
894 3769 1058 3845 vetustate
1075 3764 1227 3866 generis,
1273 3859 1274 3862 Ἴ
