2760 4718
209 390 212 394 ‚
370 342 889 421 nasamonas
1020 347 1117 448 267'

179 524 260 601 vll.
299 521 415 597 Tunc
460 520 625 619 srng'ulos,
672 537 713 592 ut
758 516 884 617 cuique
922 517 1092 615 adsistere,

119 646 262 746 adloqui
296 642 433 718 animus
470 661 556 733 erat,
601 638 763 730 retinens,
807 659 868 714 aut
899 639 1092 735 dinrittcns,

126 788 259 870 partem
281 762 350 839 diei
382 760 592 859 absumpstt3
623 761 806 858 multoque
835 745 950 835 adhuc
982 780 1091 854 coetu,
1171 796 1174 806 ·
1237 794 1239 796 ·
1293 780 1296 785 ’

122 896 158 965 &
198 884 331 962 cunctis
364 881 579 980 intrepidum
623 881 763 963 vultum
799 873 871 978 ejus
910 879 1092 978 spesianti·

120 1012 199 1099 bus,
227 1008 310 1082 clam
326 1005 495 1103 superesse
515 1022 653 1098 tempus
683 999 872 1076 novissrmis
900 1004 1093 1094 crederent,

120 1128 253 1230 gladio,
285 1134 393 1225 quem
422 1129 496 1198 sinu
526 1123 718 1212 abdiderat,
747 1119 917 1197 incubuit.
964 1119 1095 1223 ¹Neque

119 1247 231 1325 Caesar
258 1247 338 1322 ullis
366 1242 582 1333 criminibus,
618 1262 679 1322 aut
712 1242 858 1341 probris,
891 1241 1096 1326 defuns'tum'

119 1368 299 1443 infeslatus
322 1365 387 1458 est,
411 1365 495 1443 clam
510 1364 555 1443 in¹
569 1362 714 1441 Blaesum
730 1364 840 1439 multa
860 1361 1025 1464 soedaque
1040 1363 1095 1440 in.

120 1487 311 1564 cusaviffet.

169 1611 266 1690 vl11,
292 1611 498 1684 Rannrunr
524 1607 605 1682 inde
627 1609 674 1681 de
689 1609 730 1681 P.
746 1607 903 1698 Vitellio,
934 1611 1112 1683 &Pom·.
1235 1684 1241 1692 ,

120 1729 227 1830 punio
244 1731 425 1804 Secundo:
453 1729 554 1803 illum
576 1727 707 1802 indices
724 1730 928 1826 arguebant,
956 1734 984 1772 “
1000 1730 1096 1804 clau·

121 1857 151 1895 “
168 1845 235 1925 stra
250 1850 371 1941 aerarii,
396 1850 452 1925 cui
477 1847 655 1949 prafes'tus
671 1867 755 1939 erat,
779 1853 814 1930 δι
831 1847 1013 1923 militarem
1036 1875 1098 1948 pe·

121 1978 150 2016 “
168 1970 307 2046 cuniam
323 1974 425 2056 rebus
446 1970 546 2046 novis
562 1969 721 2045 obtulisse
731 1970 767 2041 :''
785 1968 865 2042 huic
882 1994 903 2043 a
919 1971 1097 2062 Considio,

51 2138 53 2147 ·
92 2125 95 2129 ⁴
123 2095 274 2191 praeturs
301 2091 436 2182 funslo,
469 2088 706 2189 objectabatur
735 2096 763 2133 “
780 2088 867 2166 AElii
890 2091 984 2168 Galli
1012 2090 1100 2167 ami·

122 2220 152 2258 “
171 2212 250 2287 citia
273 2213 348 2312 qui,
376 2210 500 2311 punito
528 2206 664 2308 Sejano,
693 2210 730 2289 in
754 2211 871 2285 hortos
895 2212 1098 2311 Pomponii,

42 2331 43 2335 ¹
124 2341 152 2381 “
169 2337 262 2434 quafi
293 2332 495 2406 fidislimum
527 2332 572 2404 ad
603 2328 806 2421 subfidium,
845 2328 1046 2430 perfugisset
1062 2333 1100 2405 ι’·

120 2478 235 2550 neque
253 2452 349 2525 aliud
374 2448 641 2548 periclitantibus
665 2449 799 2541 auxilii,
830 2449 940 2549 quim
967 2450 1004 2525 in
1032 2449 1099 2524 sra-

120 2589 214 2647 trum
242 2568 432 2644 constantis
460 2567 539 2661 fuit,
562 2571 624 2670 qui
648 2571 758 2646 uades
784 2570 969 2646 exstitere:
997 2586 1098 2664 mox,

121 2674 252 2765 crebris
275 2689 538 2787 prolationibus,
563 2689 660 2790 spem
683 2719 723 2767 ac
745 2712 880 2767 metum
895 2690 1100 2790 juxti-gra·
1152 2770 1155 2774 ,

123 2830 221 2886 vatus
243 2811 417 2903 Vitellius,
437 2810 547 2911 petito
565 2838 627 2911 per
643 2811 791 2911 speciem
806 2811 998 2887 studiosum
1014 2810 1099 2887 scal-

124 2956 201 3030 pro,
231 2932 346 3004 levem
374 2931 482 3006 istum
506 2932 604 3006 venis
632 2933 763 3025 intulit,
793 2933 972 3032 vitamque
999 2933 1100 3032 aegri·v

76 3150 79 3157 ι
127 3050 249 3127 tudine
264 3049 369 3124 animi
394 3051 518 3126 finivit.
568 3059 619 3130 At
641 3055 870 3153 Pomponius,
897 3055 1007 3130 mults
1023 3080 1101 3128 mo-

24 3220 26 3225 ·
125 3197 205 3245 rum
221 3170 405 3270 elegantis,
428 3176 462 3256 δι
489 3172 632 3272 ingenio
647 3174 793 3267 inlustri,
817 3177 906 3250 dum
923 3174 1103 3256 adversam

122 3289 299 3376 fortunam
316 3318 437 3391 aequus
454 3295 591 3385 tolerat,
612 3295 758 3370 Tiberio
780 3295 944 3394 superstes
958 3293 1035 3370 fuit.

60 3411 65 3417 ’
173 3413 238 3487 ΙΧ.
265 3406 482 3488 Pancrrunr
514 3414 672 3513 posthac,
709 3417 846 3490 “utin
872 3416 1022 3516 reliquos
1043 3421 1102 3494 Se·

11 3616 15 3623 ¹
80 3576 82 3582 ·
124 3530 239 3632 “jani
266 3532 392 3607 liberos
429 3533 710 3625 adverteretur;''
744 3535 946 3619 vanescente
978 3566 1102 3638 quam·

123 3679 232 3750 quam
261 3651 371 3753 plebis
388 3652 451 3746 irs,
479 3679 519 3728 ac
537 3656 704 3757 plerisque
721 3678 781 3755 per
805 3657 920 3756 priora
935 3645 1104 3761 supplicia

125 3773 250 3859 lenitis.
312 3773 425 3875 Igitur
446 3795 629 3887 portantur
643 3777 680 3854 in
696 3801 883 3874 carcerem,
923 3781 1013 3857 filius
1036 3781 1102 3863 im,
