2760 4718
242 297 331 406 284'
508 309 550 384 C.
575 310 820 384 Conna-:nrt
849 309 1029 384 Tacrrr

239 489 278 562 in
300 507 438 583 tempus
454 485 685 586 deligebatur,
709 487 770 586 qui
789 485 848 583 jus
878 486 1048 575 redderet,
1073 509 1117 558 ac
1148 485 1238 562 sub⁴

239 606 295 681 itis
320 607 537 680 mederetur:
577 607 763 707 feruntque
785 610 834 702 ab
864 607 1021 681 Romulo
1052 607 1234 682 Dentrem

240 726 465 818 Romulium,
494 727 572 825 post
586 731 632 802 ab
648 730 759 802 Tullo
776 727 931 802 Hostilio
942 728 1103 799 Numam
1125 728 1233 800 Mar-

240 848 350 937 cium,
381 850 415 919 &
439 824 484 920 ab
510 847 705 946 Tarquinio
727 849 883 945 Superbo
899 846 1066 944 Spurium
1091 849 1232 920 Lucre*

240 967 330 1041 tium
363 967 566 1065 impostos:
600 967 682 1042 dein
706 967 861 1043 consules
888 967 1125 1040 mandabant:
1161 969 1230 1042 du'·

240 1108 363 1185 ratque
394 1089 631 1180 simulacrum,
673 1088 835 1186 quotiens
866 1091 915 1163 ob
947 1087 1047 1162 serias
1080 1088 1230 1163 Latinas

125 1230 141 1247 “
240 1206 444 1305 praeficitur,
484 1208 545 1305 qui
571 1206 747 1283 consulare
774 1236 904 1283 munus
938 1208 1087 1306 usurpet.
1130 1194 1228 1283 'Ce-

238 1328 355 1401 terum
387 1328 569 1427 Augustus
602 1329 699 1402 bellis
726 1329 887 1404 civilibus
908 1329 1063 1402 Cilnium
1090 1333 1227 1405 Maece-

239 1470 373 1540 uatem,
406 1447 569 1547 equestris
601 1449 759 1541 ordinis,
780 1450 912 1524 condis
947 1452 1040 1548 apud
1068 1454 1227 1525 Romam

240 1591 347 1670 atque
365 1570 500 1644 Italiam
517 1569 713 1668 praeposuit.
762 1574 860 1673 Mon
875 1596 989 1644 rerum
1004 1570 1147 1668 potitus,
1176 1575 1228 1645 ob

240 1691 522 1792 magnitudinem
552 1690 688 1788 populi,
721 1717 762 1765 ac
794 1692 893 1765 tarda
926 1694 1045 1791 legum
1078 1691 1223 1781 auxilia,

174 1837 176 1843 ·
239 1811 381 1911 sumpfit
403 1837 423 1885 e
445 1810 695 1900 consularibus,
724 1812 786 1911 qui
814 1818 989 1886 co'e'rceret
1017 1811 1162 1901 servitia,
1187 1816 1226 1887 dt
1345 1799 1350 1804 i

241 1934 338 2031 quod
361 1932 492 2006 civium
516 1931 660 2005 audacia
680 1916 876 2022 turbidum,
901 1933 960 2005 nisi
980 1932 1053 2006 vim
1070 1951 1224 2006 metuat:

240 2050 440 2153 primusque
466 2053 614 2127 Messala
638 2052 810 2127 Corvinus
837 2079 913 2125 eam
938 2052 1159 2148 potestatem,
1188 2055 1227 2124 &

239 2198 368 2272 paucos
403 2173 494 2252 intra
525 2173 599 2246 dies
634 2175 740 2245 finem
773 2170 918 2267 accepit,
958 2175 1050 2268 quasi
1083 2172 1250 2247 nescius'

238 2295 432 2370 exercendi.
492 2284 591 2368 Tum
630 2295 765 2367 Taurus
799 2290 962 2382 Statilius,
1003 2311 1222 2389 quamqualn

241 2420 406 2530 proveda}
442 2436 554 2507 aetate,
593 2408 732 2515 egregit}
766 2413 935 2488 toleravit.
999 2410 1093 2486 Dein
1124 2412 1220 2505 Piso,

238 2537 367 2637 viginti
398 2563 460 2636 per
483 2562 590 2610 annos
623 2536 751 2633 pariter
778 2527 957 2633 probatur,
993 2532 1134 2632 publico
1162 2532 1220 2609 su·

237 2684 333 2750 nere,
358 2684 404 2731 ex
421 2660 559 2731 decreto
583 2635 733 2746 senariis,
758 2657 951 2729 celebratus
969 2655 1028 2728 est·

286 2781 370 2854 XII.
397 2774 603 2853 Ruunrunt
634 2777 716 2850 inde
739 2777 784 2850 ad
811 2798 922 2875 patres
946 2802 967 2850 a
1029 2773 1224 2869 nintilian0,

212 2886 214 2893 ‚
237 2900 377 2979 tribuno
395 2897 523 2998 plebei,
555 2904 583 2940 “
602 2897 648 2970 de
671 2896 762 2970 libro
783 2896 963 2994 Sibyllae,''
993 2921 1100 2993 quem
1116 2897 1223 2971 Cani-
1276 2974 1284 2994 ,

237 3022 315 3097 nius
341 3021 477 3111 Gallus,
509 3016 780 3118 quindecimvir,
806 3015 955 3114 “recipi
984 3016 1072 3090 inter
1093 3037 1225 3092 ceteros
1299 3041 1306 3053 ·

239 3152 267 3187 “
284 3140 435 3243 ejusdem
470 3140 571 3232 varis,
604 3145 638 3213 δι
668 3141 707 3219 erl
736 3139 781 3210 de
808 3162 845 3212 re
871 3134 1224 3211 senatusconsultum”

239 3263 495 3360 postulaverat:
538 3286 610 3359 quo
640 3286 700 3358 per
728 3257 960 3333 discessionem
988 3256 1095 3348 facto,
1116 3259 1222 3332 'misit

236 3382 349 3456 literas
379 3381 492 3456 Caesar
518 3382 656 3456 modice
680 3381 863 3455 tribunum
887 3378 1084 3475 increpans,
1121 3386 1148 3422 “
1167 3379 1223 3478 ig-

204 3588 206 3590 ,
238 3499 267 3545 “
285 3527 409 3574 narum
447 3502 581 3602 antiqui
621 3502 725 3576 moris
761 3503 810 3575 ob
843 3498 1073 3597 juventam:''
1115 3503 1221 3574 Gallo
1268 3490 1278 3512 i

236 3622 485 3719 exprobrabat,
510 3631 546 3694 ,“
565 3624 660 3722 quod
691 3622 839 3698 scientiae
870 3622 1220 3714 caerimoniarumque
1256 3629 1263 3648 “’

238 3752 266 3790 “
284 3760 398 3830 vetus,
419 3739 555 3818 incerto
572 3745 724 3837 audore,
749 3763 829 3821 ante
844 3742 1047 3822 sententiam
1063 3737 1220 3838 collegii,
1236 3846 1237 3849 Ἴ
