2796 4724
287 364 359 431 204
507 336 1033 428 ,C.Couu1·:r11Tnc1r1

285 508 465 595 frumenta,
487 504 703 603 &pecuniae
731 505 929 605 redigales,
956 526 1069 582 cetera
1097 512 1276 608 publicos

285 655 361 710 rum
377 626 571 717 nardinum,
596 625 813 700 societatibus
837 626 994 725 equitum
1008 632 1256 710 Romanorum

284 747 514 844 agitabantur.
570 729 651 820 Resx
670 744 744 819 suas
773 745 886 821 Caesar
913 747 1148 845 speetatiffimo
1177 755 1255 828 cui-

283 893 366 964 que,
399 867 606 965 quibusdam
636 867 765 965 ignotis
791 893 835 940 ex
853 863 944 942 sarna
969 873 1177 959 mandabat3
1204 873 1255 947 se-

282 988 423 1085 melque
439 987 611 1084 adsumpti
638 991 863 1074 tenebantur:
891 988 1022 1086 prorsus
1046 994 1114 1071 stne
1130 996 1255 1085 modo,

176 1187 179 1203 ,
246 1088 253 1100 ⁰
284 1111 366 1185 cum
382 1109 537 1207 plerique
559 1108 679 1184 iisdem
697 1108 845 1206 negotiis
873 1108 1128 1186 insenescerent.
1176 1117 1255 1189 Ple·

280 1231 342 1304 bes
367 1230 435 1303 acri
452 1230 594 1328 quidem
611 1234 747 1303 annona
765 1228 994 1329 fatigabatur:
1024 1231 1080 1306 sed
1099 1236 1195 1307 nulla
1217 1235 1255 1308 in

282 1376 325 1433 eo
348 1352 450 1451 culpa
475 1378 519 1425 ex
544 1351 724 1449 principe:
763 1351 849 1450 quin
881 1329 1128 1428 infecunditati
1151 1376 1257 1430 terra·

281 1498 374 1563 rum,
401 1493 459 1547 aut
475 1471 599 1570 asperis
621 1472 723 1546 maris
752 1472 894 1546 obviam
921 1473 973 1564 iit,
1002 1496 1174 1572 quantum
1191 1474 1257 1549 irn-

281 1593 426 1690 pendio,
454 1590 701 1692 diligendique
729 1614 872 1690 poterat.
925 1595 971 1673 Et
998 1621 1043 1669 ne
1068 1595 1258 1694 provincia

282 1715 382 1798 novis
399 1715 562 1789 oneribus
587 1716 821 1802 turbarentur,
847 1735 956 1811 utque
973 1735 1101 1807 vetera,
1129 1720 1196 1793 sine
1220 1725 1271 1790 a-'

282 1836 401 1912 varitia
426 1854 485 1910 aut
513 1834 715 1915 crudelitate
731 1822 733 1825 ’
748 1833 1026 1932 magistratuum,
1061 1839 1257 1929 tolerarent,

227 2003 229 2006 ⁴
280 1956 512 2052 providebat:
540 1978 726 2049 corporum
744 1956 898 2041 verbera,
922 1955 1165 2054 ademptiones
1194 1960 1258 2032 bo·

252 2141 254 2144 .
278 2098 405 2151 norum
423 2075 577 2154 aberant,

327 2194 544 2281 VlI.·Rnu1
576 2216 636 2288 per
664 2189 799 2263 Italiam
817 2189 957 2263 Caesaris
974 2193 1070 2289 agri3
1098 2195 1259 2275 modesta

281 2312 428 2407 servitia,
454 2313 542 2386 intra
560 2336 688 2409 paucos
705 2309 847 2386 libertos
871 2313 1022 2386 domus:
1051 2316 1127 2386 acfi
1145 2340 1258 2412 quan·

277 2425 329 2518 ¹do
344 2460 427 2508 curn
446 2431 586 2530 privatis
614 2430 831 2530 disceptaret,
858 2432 973 2517 forum
993 2438 1025 2514 ἃ
1046 2431 1116 2530 jus.
1165 2439 1258 2534 Qae

281 2557 421 2646 cundia,
448 2579 520 2631 non
552 2552 696 2653 quidem
725 2553 818 2630 comi
845 2553 913 2644 via,
939 2551 996 2628 sed
1019 2553 1191 2647 horridus,
1217 2584 1258 2631 ae

280 2678 487 2777 plerumque
511 2673 732 2764 formidatus,
770 2675 937 2749 retinebat
973 2695 1104 2775 tamen,
1143 2678 1260 2754 donec

282 2817 396 2872 morte
428 2797 529 2871 Drusi
563 2815 801 2870 verterentur:
841 2821 924 2869 narn
955 2796 1043 2869 dum
1076 2793 1256 2892 superfuit,

280 2919 461 3002 mansere3
490 2915 571 3014 quia
592 2914 743 3014 Sejanus,
769 2915 956 3014 incipiente
984 2918 1098 2991 adhuc
1134 2938 1258 3016 poten·

281 3036 341 3127 tid,
381 3036 483 3110 bonis
516 3035 663 3121 consiliis
692 3034 864 3111 notescere
898 3038 1061 3124 volebat:
1099 3040 1133 3110 δι
1168 3041 1260 3113 ultor

281 3159 510 3246 metuebatur,
548 3183 620 3231 non
650 3159 810 3233 occultus
837 3156 925 3248 odii,
964 3163 998 3231 δε
1024 3157 1147 3233 crebro
1171 3184 1256 3256 que-

280 3304 372 3370 rens,
401 3285 428 3322 ‘⁶
448 3276 616 3355 incolumi
644 3276 730 3367 filio,
761 3274 955 3375 adjutorem
985 3277 1122 3375 imperii
1150 3278 1259 3353 aliurn

283 3404 312 3438 “
331 3398 472 3471 vocari:
502 3402 536 3470 δι
558 3418 727 3496 quantum
749 3395 913 3493 supe-resse
936 3417 976 3470 ut
996 3398 1132 3497 collega
1161 3399 1270 3491 dica·'
1338 3467 1340 3470 ,

283 3522 311 3559 “
330 3521 411 3589 tur?
438 3518 571 3592 Primas
599 3516 804 3592 dominandi
831 3515 906 3616 spes
928 3516 963 3590 in
981 3519 1111 3591 arduo:
1139 3516 1198 3588 ubi
1216 3519 1259 3594 fis

282 3642 309 3683 “
328 3634 509 3731 ingressus,
536 3640 650 3712 adesse
672 3638 782 3713 studia
806 3643 839 3711 δι
862 3639 1059 3712 ministros:
1086 3633 1279 3720 exstrueba-

283 3763 310 3814 4‘
323 3753 412 3860 jam,
438 3753 558 3853 sponte
582 3755 747 3857 praesedi,
774 3759 904 3846 castra3
932 3759 1033 3833 datos
1054 3757 1089 3839 in
1108 3779 1258 3841 manum
