2512 4680
114 349 186 426 294
307 325 352 399 C.
392 326 664 406 Conrtna'rt
705 330 905 439 Taciti
1002 340 1004 351 '

113 498 336 577 sustentatam
354 501 541 601 provixisse
558 530 651 597 reor,
670 511 719 598 δι,
748 505 933 605 postquam
952 489 1042 580 nihil
1056 508 1104 582 de

115 621 241 702 saevitis
269 624 534 716 remittebatur,
565 629 744 719 voluntate
771 625 1004 702 exstinetam:
1038 627 1105 702 nisi

117 750 154 836 sr,
184 736 320 844 negatis
348 746 538 838 alimentis,
569 750 789 824 adsimulatus
819 746 868 821 est
896 744 991 837 finis,
1038 749 1106 847 qui

117 867 293 941 videretur
321 865 446 965 sponte
470 867 640 966 sumptus.
702 865 894 942 Enimverd
924 866 1104 943 Tiberius

5 1047 14 1056 .
116 987 307 1064 soedissrmis
334 989 639 1065 criminationibus
666 992 801 1079 exarsit,
837 995 865 1031 “
882 987 1104 1086 impudiciti-

118 1118 147 1158 “
163 1115 244 1184 am''
279 1136 443 1210 arguens,
485 1118 513 1154 “
529 1116 563 1185 ὅτ
595 1109 755 1184 Asinium
784 1108 931 1182 Gallum
964 1112 1104 1187 adulte·

118 1238 148 1275 “
167 1257 257 1321 rum,
289 1230 430 1331 ejusque
459 1252 572 1305 morte
600 1232 647 1306 ad
669 1231 814 1305 taedium
833 1228 914 1303 vitae
938 1234 1105 1329 compul-

26 1373 27 1377 ’
61 1404 66 1415 a.
117 1359 145 1397 “
162 1350 268 1428 sam.’'
319 1354 389 1426 Sed
406 1352 623 1452 Agrippina,
651 1352 743 1450 aequi
760 1349 961 1448 impatiens,
986 1352 1106 1429 domi·

115 1473 223 1553 nandi
239 1474 362 1565 avida,
375 1474 533 1556 virilibus
549 1474 655 1564 curis,
680 1472 890 1550 seminarum
908 1472 994 1547 vitia
1014 1498 1105 1551 exu-

115 1615 198 1669 erat.
250 1602 278 1639 “
294 1596 432 1669 Eodem
456 1595 514 1670 die
531 1594 750 1685 defundam,
769 1620 845 1692 quo
863 1592 1005 1669 biennio
1021 1595 1105 1673 ant&

119 1723 147 1765 ‘⁴
165 1713 308 1816 Sejanus
330 1741 452 1811 poenas
469 1716 594 1806 luisset,
620 1694 880 1815 memoriaque¹
893 1715 931 1788 id
950 1713 1104 1812 pioden-

118 1842 146 1882 “
165 1837 276 1912 dum”
302 1836 436 1912 addidit
461 1835 598 1912 Caesar:
632 1835 843 1933 jadavitque
870 1843 899 1883 “
914 1835 1013 1937 qudd
1029 1862 1104 1911 non

118 1965 146 2009 “
165 1960 291 2055 laqueo
307 1957 529 2053 strangulata,
556 1981 673 2052 neque
688 1956 725 2029 in
741 1957 935 2035 Gemonias
952 1955 1107 2058 projesta

118 2086 147 2129 “
164 2075 286 2149 foret.'¹
335 2077 436 2148 Assae
463 2077 511 2146 ob
535 2074 573 2146 id
591 2095 719 2170 grates,
742 2076 1001 2175 decretumque
1023 2086 1111 2157 “ut.

117 2192 503 2298 “quintumdecimum
526 2191 701 2269 Kalendas
720 2194 953 2284 Novembris,
973 2198 1104 2272 utrius·

117 2329 145 2365 “
164 2342 235 2418 que
258 2316 350 2391 necis
373 2315 445 2407 die,
471 2339 533 2414 per
556 2331 680 2393 omnes
703 2336 826 2405 annos,
850 2312 991 2397 donum
1012 2318 1102 2415 jovi

116 2448 144 2485 “
162 2439 380 2514 sacraretur.'²

165 2561 303 2634 XXVI.
329 2561 460 2637 Hnun
496 2555 610 2633 multis
658 2555 736 2655 pdst
767 2555 940 2642 Cocceius
963 2562 1101 2673 Nerva,
1142 2592 1146 2601 ·

115 2682 303 2761 continuus
319 2678 502 2778 Principis,
533 2676 649 2755 omnis
671 2677 783 2752 divini
809 2681 1031 2781 humanique
1042 2683 1104 2783 ju-

114 2804 159 2877 ris
180 2801 302 2894 sciens,
329 2801 467 2899 integro
480 2800 583 2891 statu,
609 2824 757 2897 corpore
770 2798 902 2893 inlaeso,
928 2803 1102 2882 moriendi

115 2924 298 2999 confilium
315 2922 420 3020 cepit.
470 2922 582 3020 Qod
598 2942 638 2995 ut
655 2920 802 3000 Tiberio
817 2922 1019 3022 cognitum,
1037 2926 1103 3000 ad,

115 3046 236 3133 sidere,
255 3042 370 3118 causas
387 3042 576 3143 requirere,
607 3044 736 3118 addere
763 3069 898 3141 preces,
924 3044 1021 3123 fateri
1038 3073 1103 3147 po-

112 3163 241 3239 stremd
268 3171 415 3263 “grave
447 3161 680 3256 conscientiae,
707 3190 816 3263 grave
839 3162 945 3254 sama
968 3164 1103 3256 suae,sr
1140 3188 1143 3199 ¹

115 3290 144 3329 “
163 3284 343 3378 proximus
360 3281 568 3374 amicorum,
581 3285 686 3359 nuliis
701 3284 1102 3387 moriendippptionibus,

114 3401 273 3501 “tritam
307 3404 487 3504 fugeret:’'
527 3404 699 3480 aversatus
734 3391 945 3511 sermonem
965 3409 1102 3499 Nerva,

110 3517 356 3598 abstinentiam
382 3520 452 3598 cibi
474 3523 668 3622 conjunxit,
718 3512 1020 3626 Ferebanfgnari
1041 3516 1100 3603 co·

112 3635 322 3743 §stationum
339 3643 423 3740 ejus,
452 3645 586 3741 quanti>
610 3646 757 3745 propiits
785 3648 880 3721 mala
898 3646 1101 3745 reipublic'ae
1202 3642 1207 3652 ‘

109 3759 245 3851 viseret,
269 3759 332 3854 irs,
361 3766 395 3835 ὅτ
418 3782 529 3854 metu,
559 3767 650 3842 dum
665 3767 814 3872 integer,
843 3768 932 3843 dum
949 3768 1101 3856 intenta·
