2834 4732
398 347 706 450 Apnnarun
740 349 853 420 Lra.
887 344 915 420 Ι.
1091 318 1179 450 63‘

161 521 236 619 qub
263 518 382 594 ceteris
414 524 538 597 eadem
571 525 745 596 neceffitas
774 525 880 594 fieret.
942 522 1140 599 Manebant

161 644 266 717 etiam
282 664 360 717 tum
379 644 525 743 vestigia
541 643 718 717 morientis
736 641 910 717 libertatis.
935 642 1048 741 Igitur
1069 647 1136 719 Cn.

159 765 246 856 Piso,
283 766 450 864 “an,''
488 766 613 863 inquit,
651 768 770 838 “loco
798 764 963 854 censebis,
996 764 1135 839 Caesar?

159 892 186 928 “
205 889 227 959 sr
246 885 395 983 primus,
413 887 670 984 habeborquod
685 883 831 983 sequar:
863 890 885 958 sr
908 885 982 982 post
1000 911 1136 977 omnes,

158 1014 325 1080 “vereor
359 1033 402 1080 ne
436 1007 640 1104 imprudens
677 1006 870 1097 dissentiam
885 1008 921 1078 :”
959 1029 1137 1103 permotus

156 1127 222 1218 his,
257 1129 459 1227 quantoque
492 1127 663 1200 incautiits
691 1128 909 1214 efferbuerat,
936 1126 1137 1222 paenitentid

156 1249 300 1346 patiens,
327 1249 406 1322 tulit
422 1247 555 1322 absolvi
582 1275 680 1322 reum
705 1246 909 1321 criminibus
926 1245 1132 1345 majestatis:

155 1370 202 1440 de
219 1369 374 1464 pecuniis
391 1365 599 1465 repetundis,
623 1370 668 1441 ad
684 1367 924 1464 reciperatores
941 1367 1030 1440 itum
1052 1368 1111 1442 est.

193 1488 349 1560 LXXV.
382 1490 470 1562 Nnc
500 1514 665 1563 narrum
699 1487 960 1586 cognitionibus
983 1486 1134 1582 satiatus,

151 1605 294 1705 judiciis
314 1609 488 1682 adsidebat
517 1610 552 1682 in
578 1635 687 1683 cornu
716 1609 910 1699 tribunalis,
935 1635 979 1682 ne
1008 1631 1135 1706 praeto·

155 1754 230 1802 rem
259 1729 371 1802 curuli
398 1731 608 1829 depelleret:
640 1733 821 1829 multaque
849 1757 891 1803 eo
916 1757 1047 1820 coram,
1073 1733 1134 1804 ad-

155 1851 274 1924 versus
300 1850 472 1924 ambitum
496 1857 529 1925 &
558 1851 750 1949 potentium
778 1877 895 1948 preces
922 1851 1132 1925 constituta:

152 1967 211 2042 sed
232 1971 336 2048 ,dum
371 1971 506 2046 veritati
533 1971 734 2062 consulitur,
765 1972 901 2047 libertas
930 1999 1132 2072 corrumpe-

155 2093 264 2165 batur.
314 2094 409 2166 Inter
436 2120 515 2192 qnae
543 2092 626 2167 Pius
655 2094 831 2184 Aurelius,
856 2091 1004 2186 senator,
1035 2092 1133 2193 ques,
1202 2099 1208 2105 ’

151 2232 206 2286 tus
236 2215 370 2287 “mole
388 2213 539 2312 publicas
560 2215 642 2305 vias,
667 2217 847 2313 dodoque
875 2241 1059 2313 aquarum,
1086 2219 1133 2290 la-

154 2339 182 2383 “
201 2332 351 2408 befaetas
379 2335 471 2408 aedes
494 2333 608 2427 suas,''
631 2336 800 2410 auxilium
830 2358 969 2434 patrum
990 2336 1133 2410 invoca-

152 2456 234 2527 bat:
288 2454 517 2531 resrstentibus
561 2456 672 2530 aerarii
710 2456 927 2555 praetoribus,
973 2454 1134 2531 subvenit

152 2573 275 2664 Caesar‚
304 2575 527 2674 pretiumque
556 2578 687 2651 aedium
717 2577 863 2652 Aurelio
890 2577 1024 2669 tribuit,
1057 2605 1132 2652 ero-

153 2697 278 2793 gandae
306 2722 366 2794 per
392 2698 534 2773 honesta
551 2700 705 2796 pecuniae
728 2699 894 2799 cupiens:
925 2726 1033 2808 quam
1062 2699 1131 2771 vir·

152 2835 264 2916 tutem
279 2818 342 2892 diu
360 2819 516 2911 retinuit,
543 2821 626 2894 ciam
638 2841 768 2895 ceteras
781 2841 934 2894 exueret.
984 2820 1133 2915 Proper·

152 2932 202 3006 tio
220 2937 331 3011 Celeri
350 2941 527 3035 praetori0,
557 2936 695 3044 reniam
713 2941 844 3016 ordinis
871 2943 919 3014 ob
949 2959 1132 3037 pauperta-

120 3057 225 3129 'tem
252 3057 397 3153 petenti,
420 3059 534 3131 decies
557 3059 747 3137 sestertibm
779 3061 922 3161 largitus
952 3059 1015 3150 est,
1056 3060 1133 3134 satis

151 3168 354 3275 comperte,
384 3199 539 3277 paternas
567 3181 598 3255 ei
630 3182 805 3282 angustias
833 3185 922 3256 eise:
962 3202 1132 3256 tentantes

149 3299 276 3371 eadem
298 3299 397 3390 alios,
425 3304 572 3398 probare
601 3303 738 3380 causam
766 3303 895 3377 senatui
918 3301 1036 3402 juffit3
1071 3330 1139 3403 eug

149 3417 270 3516 pidine
284 3418 482 3512 severitatis,
509 3423 545 3496 in
572 3424 624 3497 his
651 3425 769 3515 etiam,
798 3452 877 3523 quae
905 3424 968 3497 rite
992 3422 1130 3525 faceret,

149 3543 317 3614 acerbus:
352 3543 446 3616 unde
479 3545 584 3619 ceteri
613 3546 784 3619 silentium
819 3551 853 3618 &
890 3567 1130 3645 paupertatem

146 3659 345 3752 confeffioni
375 3668 416 3738 δι-
439 3665 610 3746 beneficio
640 3665 870 3766 praeposudre.
