2834 4732
281 320 283 325 ,
393 345 979 417 nnntmuanL,
1085 371 1152 446 105
1251 438 1253 442 Α

171 518 283 598 duum
299 520 389 621 re'gis
406 549 537 597 nomen
554 523 705 597 invisum
728 524 825 621 apud
851 524 1052 628 popularem
1084 529 1153 598 At·
1185 621 1189 632 Ι

171 645 322 719 minium
341 670 405 741 pro
423 644 581 719 libertate
597 646 787 718 bellantem
804 643 902 717 favor
918 646 1080 718 babebat.

219 767 337 838 XLV.
371 767 513 840 Iorrurt
548 793 619 840 non
662 767 771 840 modd
803 765 966 840 Cherusci
1003 763 1166 863 sociique.

170 912 308 976 eorum,
339 907 439 960 vetus
472 888 628 961 Arminii
653 887 768 978 miles,
798 885 969 984 sumpsere
998 888 1155 960 bellum:

169 1006 226 1080 sed
258 1034 279 1080 e
312 1034 420 1105 regno
453 990 574 1095 etiams
600 1008 817 1082 Marobodui
859 1009 980 1081 Suevae
1020 1030 1154 1106 gentes,

170 1129 360 1203 Semnones
377 1157 418 1203 ac
434 1129 679 1228 Langobardi,
702 1128 861 1202 defecere
878 1131 923 1201 ad
941 1155 1041 1211 eum:
1073 1129 1153 1226 qui-

170 1252 237 1323 bus
269 1249 396 1324 additis
430 1252 670 1348 praepollebat,
713 1249 749 1321 ni
788 1250 1035 1348 Inguiomerus
1074 1266 1157 1325 cum‘

173 1395 282 1442 manu
326 1370 506 1445 clientium
545 1372 589 1443 ad
626 1370 893 1444 Maroboduum
930 1369 1156 1469 perfugill'et3

173 1514 248 1562 non
277 1489 381 1563 aliam
413 1493 461 1563 ob
493 1489 643 1581 causam,
684 1492 791 1588 quam
826 1492 908 1588 quia
938 1491 1049 1565 fratris
1082 1493 1157 1566 filio

165 1608 304 1709 juveni,
338 1606 481 1710 patruus
502 1610 604 1685 senex
631 1614 753 1709 parere
776 1612 1040 1710 dedignabatur.
1090 1614 1156 1712 Di-

170 1731 333 1831 figuntur
365 1733 453 1807 acies
488 1733 560 1831 pari
592 1732 770 1830 utrimque
798 1731 870 1829 spe,
901 1759 964 1807 nec
997 1756 1035 1807 ut
1069 1736 1155 1810 olim
1195 1779 1196 1782 π

171 1857 268 1950 apud
303 1857 500 1928 Germanos
533 1854 631 1952 vagis
663 1853 867 1943 incursibus,
908 1875 967 1926 aut
999 1855 1157 1955 disjedlas

173 2000 235 2072 per
251 1971 426 2065 catervas:
454 1975 586 2074 quippe
604 1977 710 2074 longa
727 1976 914 2051 adversum
938 2002 1001 2050 nos
1018 1978 1156 2070 militia,

171 2095 385 2171 insueverant
408 2095 505 2198 sequi
524 2100 632 2195 figna,
650 2095 802 2170 subfidiis
820 2097 964 2188 firmari,
981 2099 1073 2173 dieta
1091 2099 1157 2174 im·

154 2276 160 2291 ,
170 2213 369 2316 peratorum
386 2217 557 2316 accipere.
593 2224 644 2292 At
662 2239 745 2291 tunc
764 2219 945 2292 Arminius
962 2245 1054 2318 equo
1072 2249 1158 2297 con·

172 2339 315 2414 lustrans
332 2342 474 2429 cuneta,
489 2360 529 2413 ut
546 2337 703 2437 quosque
720 2341 885 2413 adredus
902 2359 991 2412 erat:
1011 2348 1039 2384 “
1049 2342 1156 2416 Reci-

172 2466 199 2504 “
219 2480 376 2558 peratam
399 2459 611 2551 libertatem,
635 2459 820 2534 trucidatas
848 2460 1016 2559 legiones,
1052 2461 1161 2561 spolia

174 2587 202 2623 “
221 2582 337 2652 adhuc
352 2582 467 2653 &tela
484 2582 657 2654 Romanis
667 2581 824 2679 derepta,
840 2581 876 2654 in
890 2581 1052 2657 manibus
1067 2584 1160 2655 mul-

115 2687 117 2691 ’
173 2700 315 2771 torum’'
340 2699 556 2774 ostentabat:
579 2704 700 2775 contra
719 2702 920 2802 “fugacem
935 2688 1159 2776 Marobodu-

176 2825 205 2859 “
219 2820 305 2891 um'’
317 2823 542 2919 appellans,“
554 2822 758 2921 proeliorum
769 2823 1158 2920 expertem5Hercyniae

175 2944 204 2981 “
223 2939 359 3013 latebris
372 2941 567 3034 defensum,
582 2970 623 3018 ac
642 2970 727 3017 mox
741 2970 803 3041 per
815 2944 908 3015 dona
921 2948 954 3016 &
969 2944 1159 3043 legationes

172 3059 378 3158 “petiville
411 3060 542 3153 foedus,
574 3065 787 3161 proditorem
817 3064 947 3161 patriae,
976 3063 1160 3142 satellitem

96 3252 98 3256 ,
175 3191 203 3231 “
221 3180 375 3271 Crebris,
422 3184 515 3256 haud
549 3178 665 3258 mimis
708 3184 842 3258 infensis
884 3185 1008 3259 animis
1041 3209 1159 3261 extur-

125 3359 129 3366 -
168 3309 202 3347 ’“
221 3304 638 3401 bandum,quamVarum
651 3283 885 3405 Qtinelilium
903 3296 1157 3384 interfecerint:

174 3431 203 3468 “
220 3423 455 3498 meminiffent
468 3426 576 3497 modo
587 3447 639 3499 tot
655 3427 875 3524 proeliorum,
890 3453 1043 3524 quorum
1053 3457 1159 3507 even-

174 3552 272 3635 “tu,
308 3549 342 3618 ὃς
387 3546 433 3617 ad
469 3545 684 3641 postremum
715 3544 830 3645 ejedlis
860 3551 1047 3642 Romanis,
1082 3552 1158 3629 satis

173 3673 202 3718 “
219 3668 426 3771 probatum,
450 3690 556 3763 penes
581 3687 675 3741 utros
693 3667 830 3744 summa
846 3670 929 3744 belli
942 3670 1083 3748 fuerit.''
