2776 4724
364 341 677 419 Aunnnr'un
709 345 832 418 Ltn.
864 342 903 416 L·
1077 366 1118 420 rr

103 546 108 551 ·
143 518 413 621 pulcherrimum
441 519 574 596 facinus
598 522 770 594 videretur
786 548 795 592 ε
809 535 815 547 '⁴
844 526 871 562 “
889 541 983 591 nunc
1007 512 1123 594 senem

125 651 173 726 ,“
190 641 401 740 Principem,
429 644 534 741 longl
552 641 717 740 potentia,
737 639 876 739 provifis
899 638 1002 712 etiam
1025 641 1122 713 here-

145 769 172 807 “
189 765 277 837 dum
306 764 343 836 in
371 763 624 864 rempublicam
658 761 797 859 opibus,
832 759 963 834 auxilio
996 760 1124 835 scilicet

144 892 172 928 “
189 883 328 958 militari
344 882 527 974 tuendum,
541 903 580 957 ut
595 881 767 980 sepultura
783 879 854 979 ejus
871 879 988 978 quieta
997 880 1124 956 foret.''
1167 963 1169 968 ,

190 1007 257 1079 ΙΧ.
286 1007 458 1081 Murrus
477 1005 563 1091 hinc
577 1003 651 1102 ipso
670 992 715 1076 de
734 1000 1036 1100 Augtllo'sermo,
1056 1006 1130 1102 ple-

141 1124 254 1224 risque
279 1152 368 1199 vana
395 1126 626 1199 mirantibus:
652 1128 694 1167 '“
713 1123 810 1222 quud
839 1123 933 1228 idern
966 1124 1039 1212 dies
1068 1152 1126 1199 ac·

142 1254 174 1291 “
192 1246 285 1345 cepti
303 1249 481 1345 quondam
493 1244 630 1344 imperii
647 1245 820 1343 princeps,
849 1247 883 1314 &
905 1244 987 1318 vitae
1011 1246 1127 1344 supre·
1148 1246 1155 1341 f

149 1375 179 1410 “
198 1394 300 1452 mus3
336 1369 432 1464 qubd
448 1370 552 1441 Nolae
569 1367 606 1439 in
623 1368 731 1440 domo
748 1369 782 1437 δι
800 1363 977 1455 cubiculo,
1004 1365 1129 1465 inquo
1221 1439 1226 1444 .

151 1493 182 1529 “
200 1507 298 1586 pater
313 1486 382 1585 ejus
397 1487 576 1577 Octavius,
602 1487 711 1560 vitam
728 1485 900 1559 finivilset.
950 1488 1128 1563 Numerus

151 1607 303 1681 “etiam
329 1607 565 1714 consulatuum
582 1610 827 1697 celebrabatur,
852 1633 924 1721 quo
950 1608 1128 1682 Valerium

151 1731 355 1803 “Corvum
379 1731 472 1803 &C
484 1729 639 1803 Marium
662 1730 762 1801 simul
784 1747 998 1825 aequaverat;
1017 1729 1130 1802 conti·

92 1854 95 1858 ⁸
152 1858 182 1895 “
200 1871 305 1924 nuata
321 1869 381 1948 per
396 1849 526 1949 septem
542 1850 728 1950 &triginta
743 1875 850 1923 annos
866 1848 1049 1923 tribunicia
1065 1878 1128 1949 po-

153 1979 183 2016 “
200 1972 322 2058 testas3
357 1998 485 2046 nomen
519 1971 733 2070 imperatoris
761 1969 865 2044 semel
893 1990 998 2067 atque
1022 1971 1130 2046 vicies

151 2101 180 2138 “
200 2115 361 2192 partum;
394 2094 532 2192 aliaque
563 2095 735 2166 honorum
780 2090 1024 2189 multiplicata,
1069 2113 1130 2168 aut

150 2222 179 2258 “
196 2218 324 2290 nova.''
375 2221 427 2289 At
448 2216 543 2312 apud
558 2215 742 2311 prudentes
759 2212 832 2285 vita
855 2211 925 2310 ejus
949 2213 1042 2287 varie
1066 2242 1128 2290 ex-

147 2337 344 2427 tollebatur,
370 2321 633 2436 arguebaturve.
667 2333 737 2408 Hi
768 2339 798 2375 “
812 2332 938 2432 pietate
960 2360 1041 2435 erga
1069 2363 1129 2434 pa-

148 2464 178 2500 “
195 2479 340 2548 rentem,
364 2462 398 2530 &
413 2456 657 2535 neceffitudine
672 2454 885 2554 reipublicae,
908 2455 944 2528 in
961 2461 1031 2554 qul
1051 2460 1130 2531 nul·
1216 2469 1219 2484 '

151 2584 179 2620 “
197 2580 250 2651 lus
267 2598 351 2652 tunc
377 2578 512 2676 legibus
538 2580 648 2669 locus,
675 2578 722 2651 ad
742 2603 836 2653 arma
858 2576 975 2652 civilia
996 2581 1128 2670 actum,

151 2706 181 2742 “
199 2725 277 2798 quae
294 2725 407 2798 neque
425 2698 534 2798 parari
552 2703 699 2797 pollent,
724 2726 836 2799 neque
853 2699 971 2772 haberi
989 2726 1050 2796 per
1066 2702 1131 2778 bo·¹

150 2826 180 2914 ‘f
198 2846 258 2895 nas
290 2829 398 2895 art'es:
436 2823 547 2894 multa
572 2821 745 2913 Antonio,
780 2824 867 2894 dum
900 2817 1131 2893 interfectores

151 2941 303 3034 “patris
331 2925 561 3034 ulcisceretur,
592 2944 703 3016 multa
727 2941 869 3040 Lepido
907 2941 1110 3014 conceffiffe'
1117 2969 1129 3028 3

151 3064 181 3102 “
200 3057 385 3157 postquam
400 3059 458 3133 hie
474 3061 625 3136 socordia
640 3061 800 3152 senuerit,
815 3062 874 3136 ille
891 3087 952 3160 per
965 3059 1128 3135 libidines

140 3186 180 3223 '“
200 3179 451 3276 pessumdatus
469 3183 521 3270 fit,
545 3207 615 3255 non
641 3184 736 3258 alind
761 3181 986 3258 discordantis
1011 3182 1130 3278 patriae

151 3298 392 3372 “remedium
419 3297 531 3392 fuiffe,
567 3306 674 3402 quam
703 3328 741 3379 ut
757 3305 816 3381 'ab
847 3332 920 3380 uno
948 3325 1131 3402 regeretur.

151 3420 286 3493 “Non
313 3446 421 3520 regno
437 3442 568 3527 tamen,
598 3452 713 3524 neque
740 3426 922 3515 dictatura,
949 3422 1007 3498 sed
1028 3422 1129 3500 Prin·

69 3627 71 3637 Ι
149 3548 178 3586 “
195 3539 284 3639 cipis
318 3541 459 3616 nomine
488 3543 706 3620 constitutam
732 3545 1010 3643 rempublicam:
1046 3545 1134 3620 mari
1219 3602 1223 3606 .

149 3668 178 3706 “
195 3664 352 3754 Ocean0,
371 3683 428 3736 aut
444 3663 606 3767 amnibus
635 3666 837 3766 longinquis
861 3648 999 3765 septum
1022 3666 1134 3764 impe·

151 3791 181 3827 “
199 3783 314 3868 rium:
345 3784 518 3886 regiones,
533 3785 743 3885 provincias,
773 3790 905 3882 claffm,
935 3790 1062 3863 cuncta
1082 3786 1135 3860 in-

326 3918 329 3947 l
