2796 4724
384 274 694 417 Avurtnttuinr
727 342 841 415 Lt-n.
873 341 938 413 ΙΙΙ.
1089 365 1157 442 153

178 515 431 616 motejas'tats:
459 513 547 589 adeb
561 513 717 588 maxima
727 537 877 613 quaque
888 511 1055 610 ambigua
1070 512 1164 606 sunt,

176 639 265 712 dum
291 636 349 710 alii
375 663 522 735 quoquo
540 638 648 709 modo
665 635 785 708 audita
807 659 870 732 pro
899 632 1088 729 compertis
1103 638 1165 708 ha·

181 761 266 832 bent
278 786 289 845 ;
317 755 375 831 aiii
390 783 474 831 vera
501 757 538 831 in
568 755 782 830 contrarium
809 773 950 829 vertunt
964 781 980 825 ι·
1001 758 1035 828 &
1059 754 1169 853 gliscit

175 899 368 977 utrumque
381 863 590 977 posteritate.
629 882 679 950 At
693 874 826 951 Drusus
838 877 940 949 Urbe
949 878 1100 973 egressus
1110 902 1165 949 re·

178 1000 340 1098 petendis
350 998 521 1097 auspiciis,
548 1025 635 1099 mox
659 992 768 1071 ovans
791 996 945 1088 introiit,
972 996 1168 1096 paucosque

178 1121 254 1218 post
270 1121 346 1194 dies
363 1119 526 1216 Vipsania
538 1139 648 1192 mater
659 1116 731 1217 ejus
745 1119 897 1224 excessit,
923 1143 993 1189 una
1006 1119 1165 1217 omnium

179 1240 351 1339 Agrippae
364 1240 552 1314 liberorum
566 1239 643 1312 miti
656 1239 778 1314 obitu:
803 1265 886 1312 nam
903 1257 1034 1311 ceteros
1050 1238 1162 1311 mani·

177 1358 304 1435 festum
331 1358 437 1451 ferro,
462 1362 521 1433 vel
547 1359 717 1436 creditum
741 1359 804 1449 est,
832 1382 969 1433 veneno
992 1377 1053 1431 aut
1073 1358 1166 1436 fame

177 1482 376 1555 exstinsios.
944 1567 945 1578 ἵ

195 1614 198 1619 ’
232 1605 319 1676 XX.
344 1604 490 1675 Eonnu
508 1626 601 1674 anno
615 1600 832 1691 Tacfarinas,
860 1627 965 1699 quem
984 1599 1100 1698 priore
1118 1627 1163 1674 ae·

179 1721 264 1796 state
278 1719 450 1820 pulsuma
465 1722 618 1796 Camillo
630 1722 842 1816 memoravi,
870 1724 1007 1796 bellum
1021 1722 1058 1797 in
1072 1721 1166 1796 Afri·

177 1846 219 1917 εἴα
245 1863 404 1934 renovat,
438 1843 538 1941 vagis
562 1842 715 1940 primitm
733 1843 1034 1940 populationibus,
1062 1846 1168 1919 &ob

177 1964 416 2061 pernicitatem
442 1963 586 2037 inultis:
614 1964 696 2036 dein
724 1964 820 2038 vicos
852 1963 1069 2057 exscindere,
1098 1988 1166 2039 tra·

176 2086 258 2158 here
273 2111 399 2185 graves
411 2086 564 2183 praedas:
591 2084 769 2183 postremi)
779 2087 873 2160 haud
887 2091 1010 2185 procul
1023 2090 1168 2188 Pagyds

176 2206 335 2297 flumine,
369 2207 559 2290 cohortem„
572 2210 777 2282 Romanam
793 2206 1023 2288 circumsedit.
1073 2212 1167 2283 Prae-

175 2347 247 2401 erat
282 2326 425 2402 castello
457 2326 623 2416 Decrius,
657 2326 807 2427 impiger
839 2355 961 2420 manu,
999 2330 1168 2403 exercitus

175 2435 313 2535 militis,
354 2452 387 2520 ὅτ
422 2448 520 2522 illam
554 2446 772 2524 obsidionem
811 2449 935 2549 flagitii
974 2470 1083 2523 ratus.
1133 2450 1168 2523 ls
1271 2512 1275 2517 ,

175 2569 378 2641 cohortatus
409 2567 551 2659 milites,
580 2575 665 2643 “ut
688 2570 830 2668 copiam
848 2591 976 2670 pugna
997 2568 1034 2642 in
1049 2587 1169 2666 aperto

176 2693 205 2729 “
224 2683 416 2778 facerent,'’
440 2686 554 2762 aciem
575 2706 643 2786 pro
661 2690 779 2765 castris
792 2690 954 2777 instmit3
982 2690 1171 2787 primoque

176 2805 314 2906 impetu
327 2807 424 2906 pulsa
435 2811 598 2901 cohorte,
626 2831 811 2913 promptus
827 2811 917 2890 inter
929 2812 998 2887 tela
1010 2808 1169 2887 occursat

177 2927 410 3026 fugientibus,
437 2930 594 3028 increpat
620 2931 811 3030 signiferos,
841 2939 868 2975 “
887 2929 984 3030 qubd
1007 2929 1168 3005 incondi-

177 3055 207 3098 “
224 3048 267 3123 tis
283 3071 343 3122 aut
361 3048 593 3127 desertoribus
604 3051 705 3126 miles
718 3056 902 3130 Romanus
920 3072 1017 3151 terga
1032 3052 1170 3124 daret:”

178 3172 283 3252 simul
312 3190 463 3267 excepta
491 3173 649 3262 vulnera,
681 3178 715 3248 dc
746 3191 964 3271 quamquam
989 3171 1170 3247 transfosso

174 3293 300 3381 oculo,
340 3289 522 3367 adversum
555 3317 593 3366 os
626 3292 663 3366 in
690 3293 825 3367 hostem
854 3293 1016 3382 intendit,
1056 3319 1170 3392 neque
1272 3330 1282 3343 ·

179 3411 348 3511 proelium
366 3411 493 3503 omisit,
518 3414 634 3487 donec
651 3411 805 3487 desertus
821 3411 887 3487 suis
903 3415 1050 3488 caderet.
1104 3430 1106 3434 ’
1172 3448 1175 3460 t

225 3535 331 3618 xxi.
343 3536 446 3632 QJAE
467 3532 652 3630 postquam
663 3535 710 3606 L.
724 3532 886 3631 Apronio
905 3536 1171 3630 (namCamillo

173 3653 396 3749 successerat)
426 3673 633 3751 comperta;
663 3653 776 3752 magis
804 3654 975 3728 dedecore
1013 3653 1167 3749 suorum,

177 3777 284 3875 quim
297 3775 407 3876 glorias
418 3773 527 3850 hostis
538 3771 676 3867 anxius,
703 3799 779 3863 raro
792 3776 832 3849 es
842 3776 1061 3884 tempestate,
1098 3782 1168 3854 &e
