2834 4732
283 348 349 395 122
493 307 1083 397 CConurrrrT'acrrr

273 518 376 595 atque
403 494 472 566 illic
498 490 621 592 sugam
654 513 804 584 tentans,
834 476 879 567 an
903 496 986 569 ficto
1010 493 1169 589 crimine,
1195 498 1248 573 in-

276 615 449 689 terficitur.
511 694 514 699 ,

320 735 488 808 LXVIII.
533 736 613 808 Pan
644 735 738 808 idem
770 755 908 834 tempus
940 738 1117 827 Vonones,
1141 762 1249 834 quem

272 875 431 929 amotum
458 854 495 926 in
522 854 680 929 Ciliciam
703 857 911 946 memoravi,
938 856 1108 954 corruptis
1133 856 1248 931 custo·

271 976 372 1050 dibus
400 975 554 1073 effugere
581 977 627 1048 ad
656 979 855 1069 Armenios,
895 977 976 1051 inde
1012 976 1048 1049 in
1086 978 1247 1078 Albanos

220 1189 221 1192 Ἴ
271 1094 561 1192 Heniochosque,
587 1099 621 1168 δι
638 1097 934 1196 consanguineum
951 1098 1011 1172 fibi
1029 1123 1147 1196 regem
1162 1100 1247 1194 Scy·

271 1219 412 1289 tharum
430 1238 573 1291 conatus
586 1217 660 1291 est:
690 1216 800 1317 specie
828 1218 992 1308 venandi,
1018 1219 1145 1292 omissis
1173 1245 1246 1291 ma-

271 1337 396 1411 ritimis
414 1338 510 1429 locis,
529 1340 606 1412 avia
621 1337 770 1413 saltuum
788 1340 910 1437 petiit:
934 1365 1020 1412 mox
1050 1339 1248 1437 pernicitate

272 1459 355 1556 equi
372 1460 416 1532 ad
433 1486 574 1533 amnem
590 1463 781 1558 Pyramum
794 1462 986 1552 contendit,
1017 1459 1113 1561 cujus
1128 1480 1250 1556 pontes

272 1583 402 1655 accolae
419 1602 596 1679 ruperant,
626 1583 742 1656 auditlt
764 1583 856 1681 regis
885 1580 993 1681 fuga:
1019 1607 1133 1679 neque
1157 1581 1250 1654 vado

192 1745 195 1749 ·
272 1703 438 1799 penetrari
452 1722 595 1799 poterat.
622 1702 734 1800 Igitur
747 1703 785 1775 in
809 1704 882 1801 riprl
907 1701 1073 1792 fluminis,
1100 1729 1121 1775 a
1142 1700 1248 1774 Vibio

271 1823 449 1894 Frontone
467 1821 630 1918 praesecbo
647 1823 806 1919 equitum
820 1822 998 1896 vincltur:
1026 1848 1112 1897 mox
1138 1827 1248 1897 Rem·

273 1940 378 2029 mius,
408 1962 586 2030 evocatus,
603 1941 727 2036 ,priori
749 1943 914 2015 custodiae
940 1943 1030 2040 regis
1058 1944 1248 2039 adposrtus,

270 2061 365 2155 quast
390 2083 451 2153 per
475 2057 563 2130 iram
581 2059 700 2155 gladio
716 2085 798 2132 enm
816 2060 995 2157 transigit:
1021 2063 1114 2132 unde
1138 2059 1250 2157 major

272 2177 373 2267 fides,
393 2175 601 2251 conscientia
615 2176 764 2268 sceleris,
784 2184 817 2252 δι
836 2197 933 2252 metu
949 2177 1083 2268 indicii,
1096 2199 1249 2252 mortem

272 2298 410 2371 Vononi
435 2297 587 2372 inlatam.

318 2421 458 2496 LXIX.
489 2424 549 2491 Ar
578 2421 851 2493 Grnunurcus
877 2419 1038 2517 AEgypto
1073 2444 1246 2511 remeans,

271 2542 396 2614 cuncta
413 2566 490 2638 quae
509 2542 603 2637 apud
618 2539 774 2639 legiones
789 2560 848 2614 aut
866 2541 968 2614 urbes
979 2538 1136 2637 jusserat,
1161 2544 1247 2614 abo·

205 2641 207 2646 ¹
271 2661 345 2752 lita,
380 2663 436 2734 vel
478 2659 513 2732 in
553 2661 764 2734 contrarium
803 2657 897 2734 versa
925 2661 1128 2766 cognoscit:
1167 2662 1250 2735 hinc

272 2807 394 2880 graves
406 2781 441 2855 in
454 2779 613 2856 Pisonem
630 2781 862 2872 contumeliae,
897 2806 961 2855 nec
978 2763 1094 2856 minus
1110 2784 1248 2871 acerba,

270 2929 350 2998 quae
371 2905 416 2976 ab
439 2903 500 2976 illo
518 2902 555 2975 in
577 2901 747 2977 Caesarem
764 2904 1013 2975 tentabantur.‘
1047 2903 1143 2977 Dein
1170 2901 1248 2976 Piso

269 3022 363 3095 abire
375 3023 469 3118 Syria
485 3022 625 3109 statuit;
655 3048 740 3096 mox
757 3024 900 3097 adversa
927 3023 1126 3097 Germanici
1156 3026 1246 3097 vale-

270 3141 393 3216 tudine
421 3144 592 3232 detentus,
615 3144 677 3216 ubi
704 3165 898 3217 recreatum
926 3145 1072 3242 accepit,
1096 3164 1248 3240 votoque

270 3289 335 3360 pro
359 3262 597 3337 incolumitate
640 3263 875 3355 solvebantur,
915 3267 1073 3339 admotas
1105 3263 1245 3353 hostias,

270 3381 492 3459 sacrificalem
526 3403 743 3481 apparatum,
784 3383 905 3461 festam
946 3386 1246 3459 Antiochiensrum

253 3491 426 3598 plebem,
455 3531 516 3602 per
534 3504 671 3577 lictores
690 3507 881 3601 proturbat.
930 3507 1029 3579 Tum
1053 3503 1244 3579 Seleuciam

198 3661 201 3670 ,
269 3621 476 3718 digreditur,
506 3624 686 3725 opperiens
715 3625 972 3724 aegritudinem,
1002 3652 1080 3723 quae
1109 3620 1244 3694 rursum

272 3742 481 3817 Germanico
497 3745 665 3822 acciderat
682 3774 690 3818 :
715 3743 841 3824 saevam
873 3746 947 3823 vim
963 3744 1076 3821 morbi
1092 3743 1245 3842 augebat
1332 3835 1334 3839 v
