2796 4724
363 346 672 460 Asu-unarum
697 341 810 414 L1n.
834 339 897 412 IV.
1046 364 1115 441 205

145 527 176 566 “
194 519 343 595 milites:
371 519 464 593 cerni
480 518 632 619 effigiem
649 517 721 617 ejus
743 516 780 590 in
799 516 1026 590 monimentis
1049 520 1116 594 Cn.

145 648 173 686 “
190 640 370 738 Pompeii:
399 666 605 714 communes
623 639 671 713 illi
689 665 771 712 cum
784 635 914 711 familia
926 638 1116 714 Drusorum

142 771 171 806 “
189 763 260 837 sore
278 780 444 859 nepotes:
472 761 683 860 precandam
701 760 778 858 post
802 760 876 835 haec
894 756 1115 848 modestiam,

142 892 170 926 “
186 904 225 957 ut
241 903 424 957 contentus
453 884 573 954 esl'et.''
622 884 750 979 Neque
768 878 857 968 rard,
884 903 998 974 neque
1021 881 1117 975 apud
1198 980 1199 983 Ἴ
1290 951 1299 961 ,

76 1018 79 1023 ’
140 1015 271 1102 paucos
290 1004 370 1076 talia
381 1000 554 1100 jaciebat:
584 1000 761 1074 &secreta
778 1024 919 1098 quoque
936 996 1022 1095 ejus,
1041 1026 1115 1074 cor-

140 1128 241 1223 ruptl
263 1148 386 1211 uxore,
414 1123 661 1219 prodebantur.
896 1104 898 1107 ⁵

190 1245 286 1317 VIII.
305 1247 447 1316 lorrun
466 1240 604 1340 Sejanus
618 1232 981 1329 maturandum‘ratus,
993 1241 1116 1341 deligit

142 1389 332 1453 venenum,
348 1389 419 1461 quo
437 1362 616 1459 paullatim
635 1361 826 1458 inrepente,
845 1359 1003 1434 fortuitus
1019 1389 1114 1436 mor·
1137 1430 1139 1433 .

105 1530 108 1534 >
141 1488 209 1559 bus
231 1484 514 1557 adfimularetur:
543 1481 579 1554 id
598 1480 709 1555 Druso
725 1481 848 1553 datum
866 1506 927 1578 per
943 1484 1114 1581 Lygdum
1145 1562 1150 1569 ,

138 1604 343 1703 spadonem,
370 1625 407 1676 ut
424 1604 503 1675 oclo
521 1603 596 1701 post
612 1628 721 1693 annos
737 1602 921 1700 cognitum
938 1602 996 1675 est.
1016 1604 1023 1610 ’
1046 1604 1113 1677 Ce·
1204 1597 1207 1606 ¹

139 1727 256 1800 teriam
281 1724 448 1798 Tiberius
475 1749 536 1821 per
554 1748 675 1795 omnes
707 1720 915 1794 valetudinis
937 1720 1008 1819 ejus
1025 1724 1114 1816 dles,

140 1849 238 1920 nullo
255 1866 367 1937 metu,
393 1872 438 1918 an
462 1866 501 1918 ut
519 1843 773 1917 firmitudinem
790 1841 897 1914 animi
915 1843 1112 1936 ostentaret,

140 1967 246 2040 etiam
274 1964 454 2065 desumto,
481 1965 633 2038 necdum
656 1961 804 2060 sepulto,
832 1963 963 2036 curiam
985 1965 1145 2064 ingres*

138 2087 192 2160 sus
216 2088 289 2161 est:
317 2084 553 2184 consulesque,
591 2084 670 2158 sede
700 2082 851 2181 vulgari,
877 2109 940 2181 per
963 2085 1115 2183 speciem

137 2208 305 2285 maestitiae
325 2206 493 2296 sedentes,
520 2204 664 2279 honoris
681 2205 821 2303 locique
843 2208 1050 2295 admonuit3
1078 2215 1113 2284 &

136 2329 280 2404 effusum
298 2329 335 2401 in
351 2329 511 2401 lacrimas
526 2324 697 2415 senatum,
723 2325 817 2399 rislo
837 2327 986 2425 gemitu,
1013 2332 1113 2402 fimus

137 2451 292 2523 oratione
310 2447 476 2521 continual
492 2446 612 2520 erexit.
659 2454 691 2515 ,“
711 2449 745 2520 N
751 2473 797 2519 on
814 2446 958 2544 quidem
977 2446 1037 2521 fibi
1056 2448 1112 2547 ig-

139 2576 166 2612 “
186 2593 323 2655 narum,
350 2569 444 2663 posse
472 2567 586 2665 argui,
619 2566 716 2666 quod
742 2589 814 2641 tam
839 2543 966 2643 recenti
990 2569 1113 2642 dolore

141 2692 168 2731 “
186 2685 327 2760 subierit
344 2689 464 2761 oculos
479 2685 613 2762 senatus
629 2717 637 2761 :
667 2689 728 2762 vix
747 2689 1027 2788 propinquorum
1050 2691 1112 2763 ad·

140 2815 168 2851 “
186 2807 305 2905 loquia
330 2808 481 2899 tolerari,
509 2809 572 2882 vix
588 2810 684 2883 diem
702 2809 806 2909 aspici
830 2837 851 2884 a
868 2807 1036 2908 plerisque
1059 2810 1112 2883 Iu·

139 2935 166 2971 “
188 2927 370 3025 gentium:
415 2955 529 3027 neque
562 2930 915 3005 illosimbecillitatis
943 2933 1113 3016 damnan-

139 3056 168 3092 “
186 3050 276 3134 dos;
302 3046 334 3120 se
351 3068 466 3122 tamen
483 3048 627 3124 fortiora
643 3048 761 3124 solatia
782 3078 801 3125 e
826 3054 1015 3149 complexu
1044 3052 1111 3125 rei·

138 3166 337 3267 “publicae
366 3168 556 3265 petivisse.''
605 3170 858 3271 Miseratusque
896 3181 923 3215 “
942 3171 1110 3270 Augustae

138 3297 166 3334 “
189 3309 385 3363 extremam
398 3287 580 3382 senectam,
599 3293 722 3364 rudem
735 3294 849 3367 adhuc
866 3313 1050 3389 nepotum,
1076 3298 1112 3368 δι

139 3408 391 3507 “vergentem
414 3430 549 3484 aetatem
571 3410 680 3502 suam,
707 3433 745 3485 ut
765 3411 973 3486 ‘Germanici
992 3411 1109 3505 liberi,

137 3529 288 3603 “unica
316 3528 533 3627 praesentium
558 3532 731 3605 malorum
765 3515 973 3624 levamenta,
1006 3533 1110 3608 indu.

138 3658 166 3694 “
185 3653 385 3742 cerentur,''
411 3650 545 3748 petivit.
560 3653 691 3750 Egresst
707 3652 862 3727 consules
876 3656 1030 3730 firmatos
1047 3657 1109 3729 ad-

137 3773 259 3872 loquio
288 3770 576 3866 adolescentulos,
612 3772 847 3873 deductosque
882 3797 962 3851 ante
996 3775 1108 3851 Caesa·
