2834 4732
343 353 913 434 ·AnnA21nMLta.ll.
1081 342 1147 462 ⁸133

171 541 199 579 “
213 532 273 609 'aul
290 533 431 608 maritus
444 556 550 633 eques
568 538 752 608 Romanus
769 533 882 607 fuiffet
896 532 932 604 :”
966 558 1049 607 nam
1071 534 1147 608 vis-

166 657 240 731 tilia
279 656 439 754 praetorial
466 655 599 730 ‘familiai
640 656 770 755 genita,
826 653 1006 728 licentiam
1041 652 1148 752 stupri

165 778 259 876 apud
276 775 395 850 aediles
411 781 615 877 vulgaverat
630 806 640 863 ;
662 799 759 850 more
775 777 863 850 inter
879 795 1011 876 veteres
1028 798 1146 872 recep·

165 917 216 988 t0,
259 898 321 996 qui
349 896 427 972 satis
452 920 640 996 poenarum
669 897 854 971 adversitm
882 894 1079 994 impudicas
1112 894 1148 968 in

164 1020 237 1117 ipsl
262 1015 464 1117 professione
481 1018 605 1116 flagitii
622 1020 821 1092 credebant.
874 1014 1051 1090 Exadum
1072 1020 1106 1089 &
1128 1039 1149 1090 a

164 1136 301 1213 Titidio
323 1135 506 1229 labeone,
521 1139 662 1214 Vistiliae
679 1137 815 1229 marito,
848 1144 875 1180 “
889 1163 951 1211 cur
979 1137 1015 1209 in
1034 1158 1148 1211 uxore

86 1240 92 1247 .
167 1268 195 1305 “
213 1260 331 1334 delicti
366 1259 547 1333 manifesta
587 1261 758 1333 ultionem
807 1259 893 1357 legis
927 1257 1087 1332 omifitset
1106 1258 1146 1330 ?''

167 1402 273 1478 atque
291 1380 352 1452 illo
369 1381 603 1477 praetendente
638 1378 862 1479 “sexaginta
889 1379 964 1452 dies
990 1381 1035 1452 ad
1062 1402 1145 1453 con·

168 1507 196 1544 “
214 1499 414 1574 sultandum
454 1500 552 1574 datos
587 1503 740 1574 necdum
793 1481 1026 1598 praeteriiffe,''
1070 1497 1147 1571 satis

166 1617 280 1693 visum
298 1621 344 1693 de
362 1620 493 1693 Vistilia
510 1621 665 1694 statuere.
718 1624 840 1718 anue
859 1619 895 1693 in
916 1620 1063 1695 insulam
1086 1620 1165 1713 Ses
1190 1628 1194 1637 ⁴

166 1740 294 1841 riphtin
312 1743 429 1815 abdita
445 1743 502 1816 est.
554 1744 686 1816 Attum
709 1745 744 1814 δι
768 1743 813 1814 de
837 1740 937 1815 sacris
964 1739 1146 1840 AEgyptiis

166 1862 392 1961 Judaicisque
404 1862 597 1961 pellendis:
625 1859 827 1959 fastumque
851 1882 990 1960 patrum
1012 1859 1146 1936 consul-

167 2006 261 2075 tum,
285 1993 312 2028 “
328 2005 366 2057 ut
389 2005 540 2083 quatuor
563 1983 672 2056 millia
695 1983 844 2057 libertini
870 1983 1006 2082 generis
1032 1988 1072 2057 ed
1092 1982 1146 2057 su·
1169 2041 1171 2055 .

142 2113 194 2163 ‹“
211 2105 410 2204 perstitione
439 2103 578 2194 infecta,
620 2107 699 2203 quls
728 2104 854 2179 idonea
869 2128 963 2197 aetas,
982 2107 1026 2180 'in
1054 2103 1147 2180 insus

165 2225 280 2300 “lam
320 2224 513 2300 Sardiniam
552 2226 799 2317 veherentur,''
843 2227 1045 2303 coercendis
1078 2225 1149 2300 illic

164 2348 365 2438 latrociniis,
393 2352 442 2439 δι,
478 2351 501 2421 st
531 2349 578 2421 ob
608 2348 816 2447 gravitatem
833 2348 908 2422 caeli
934 2346 1147 2434 interiiffent,

165 2470 234 2542 vile
257 2471 456 2542 damnum:
495 2470 646 2543 “ceteri
675 2471 838 2544 cederent
861 2469 971 2560 ltalia,
998 2467 1147 2568 nificerss

167 2593 196 2632 “
214 2609 288 2660 tam
305 2587 497 2660 antediem
519 2587 683 2686 profanos
695 2589 776 2664 ritus
794 2591 999 2665 exuiffent.'’

213 2708 423 2781 LXXXVI.
448 2711 549 2784 Post
571 2736 649 2808 quae
666 2711 781 2785 retulit
804 2709 929 2804 Casas,
956 2717 984 2754 “
1006 2707 1145 2806 capien-

137 2833 145 2838 ’
170 2828 300 2902 “dam
322 2829 493 2929 virginem
518 2830 556 2904 in
585 2833 703 2906 locum
727 2832 889 2923 Occiae,''
913 2858 993 2929 quae
1015 2827 1148 2927 septem

167 2955 202 3023 δι
237 2949 492 3049 quinquaginta
525 2977 588 3049 per
623 2978 730 3025 annos
767 2950 902 3026 summai
924 2949 1148 3026 sanctimonia

166 3068 361 3142 Vestalibus
377 3066 475 3144 sacris
487 3069 713 3168 praesederat:
741 3072 883 3171 egitque
917 3094 1029 3173 grates
1051 3072 1145 3144 Fon-

166 3189 237 3262 teio
251 3187 434 3287 Agrippae,
450 3191 658 3265 &Domitio
674 3193 842 3284 Pollioni,
879 3202 906 3236 “
922 3192 1033 3292 qudd,
1060 3188 1146 3263 offe·

166 3316 195 3353 “
212 3310 322 3383 tendo
351 3310 452 3402 filias,
490 3312 535 3384 de
558 3313 675 3385 officio
714 3313 749 3386 in
781 3313 1036 3413 rempublicam
1071 3336 1144 3385 cer-

167 3440 195 3475 “
213 3433 364 3506 tarent.''
413 3433 560 3506 Praelata
584 3433 632 3507 est
671 3430 837 3507 Pollionis
873 3433 958 3525 filia,
993 3459 1066 3506 non
1099 3435 1147 3508 ob

163 3552 272 3643 aliud,
301 3552 411 3651 quam
429 3553 527 3650 qudd
551 3575 661 3626 mater
682 3553 755 3651 ejus
780 3554 816 3627 in
837 3555 964 3628 eodem
982 3552 1147 3653 conjugio

164 3677 347 3753 manebat:
373 3694 456 3747 nam
471 3672 634 3772 Agrippa
647 3672 793 3749 discidio
813 3675 962 3761 domum
979 3673 1145 3751 imminu·

653 3791 728 3891 Ka
