2796 4724
360 345 935 428 ¹,Auunt1umL1a.IV.
1084 375 1151 428 211

175 523 293 613 sunm,
311 518 468 619 ¹effigiem
484 518 581 617 apud
598 517 714 593 fomm
732 517 896 618 Augusti,
928 521 1069 616 publicd
1094 548 1155 620 pe·

173 643 275 719 cunid
304 661 419 738 patres
449 641 658 726 decrev61e3
688 641 782 737 apud
812 667 901 739 quos
937 640 1045 715 etiam
1078 663 1157 718 tum

172 765 297 839 cunda
312 763 567 836 tradiabantur:
595 761 684 835 adeo
700 782 738 835 ut
756 782 955 859 procurator
972 766 1063 837 Asrae
1080 766 1155 838 Lu-

145 885 270 969 „cilius
298 883 441 982 Capite,
462 881 645 957 accusante
672 883 864 979 provincii,
896 881 1034 958 causam
1059 883 1155 964 dix·
1251 873 1253 877 ¹

171 1004 250 1095 erit,
282 1007 411 1102 magud
444 1029 528 1078 cum
552 1001 810 1114 adseveratione
833 1002 1016 1100 Principis,
1044 1011 1155 1077 “non
1196 1043 1198 1048 ·

140 1129 142 1133 ’
173 1133 201 1170 “
218 1124 325 1224 sajus
347 1125 409 1199 nifi
428 1125 463 1198 in
480 1123 630 1215 servitia,
656 1129 689 1199 ὃ(
708 1125 872 1222 pecunias
889 1123 1075 1198 familiares
1093 1126 1155 1198 de-

174 1251 202 1290 “
218 1245 329 1320 diffe:
363 1243 461 1343 quod
482 1248 505 1319 fi
530 1243 603 1317 vim
633 1244 789 1344 praetoris
813 1243 1014 1342 usurpasset,
1044 1244 1156 1319 mani·

111 1382 112 1387 ’
175 1362 357 1465 “busque
382 1365 537 1440 militum
554 1363 631 1440 usus
649 1364 750 1456 foret,
782 1363 891 1463 spreta
919 1365 957 1440 in
985 1392 1029 1439 eo
1054 1392 1156 1441 man·

175 1492 204 1530 “
221 1488 305 1560 data
328 1485 409 1561 fua:
439 1487 595 1562 audirent
622 1484 769 1563 socios.’'
818 1488 871 1560 Ita
891 1512 983 1576 reus,
1009 1486 1156 1585 cognito

56 1692 59 1697 .
176 1608 333 1706 negotio,
357 1610 551 1683 damnatur.
600 1609 660 1682 Ob
678 1634 786 1706 quam
803 1607 988 1698 ultionem,
1014 1612 1048 1682 ἂ
1074 1608 1157 1706 quia

173 1729 290 1828 priore
314 1754 409 1803 anno
433 1729 469 1802 in
494 1730 537 1803 C.
560 1729 717 1802 Silanum
744 1727 962 1803 vindicatum
984 1749 1068 1820 erat,
1093 1730 1155 1803 de-

174 1853 313 1925 crevere
331 1853 423 1927 Afrae
440 1851 544 1924 urbes
568 1849 784 1945 “templum
809 1848 957 1924 Tiberio
984 1850 1157 1949 matrique

177 1975 206 2013 “
224 1968 310 2069 ejus,
346 1998 388 2045 ac
422 1968 589 2045 senatui.’'
659 1971 706 2044 Et
740 1969 942 2067 permissum
981 1970 1154 2049 statuere:

173 2091 319 2194 egitque
334 2095 435 2167 Nero
453 2111 566 2192 grates
583 2094 623 2168 ed
640 2095 742 2166 causa
761 2092 916 2188 patribus
937 2113 1044 2190 atque
1072 2119 1157 2183 avo,
1199 2168 1201 2176 Δ

171 2215 275 2291 Ιωῑας
291 2214 382 2290 inter
405 2214 623 2289 audientium
652 2210 879 2304 adfectiones,
914 2214 991 2314 qui,
1026 2213 1173 2289 recenti

171 2335 342 2413 memorid
367 2335 584 2424 Germanici,
623 2334 725 2409 illum
760 2332 878 2430 aspici,
908 2334 1011 2408 illum
1041 2335 1155 2409 audiri
1266 2327 1270 2348 ’

75 2480 76 2483 ’
171 2458 336 2531 rebantur
352 2483 362 2529 a
389 2457 604 2555 aderantque
615 2453 740 2554 juveni
760 2454 942 2546 modestia,
968 2480 1009 2527 ac
1025 2452 1155 2545 forma,

173 2574 330 2674 principe
357 2566 435 2648 iiro
465 2575 590 2675 digna,
625 2576 716 2650 notis
740 2576 775 2649 in
803 2601 886 2651 eum
912 2572 1025 2674 Sejani
1048 2575 1153 2668 odiis,

174 2696 224 2770 ob
247 2694 443 2792 periculum
469 2697 628 2796 gratiora.

222 2817 322 2903 XVI.
346 2818 421 2893 Sua
450 2818 546 2893 idem
579 2840 719 2917 tempus
756 2827 784 2865 “
810 2823 855 2895 de
881 2820 1023 2897 flamine
1043 2817 1153 2908 Diali,

137 2921 140 2935 ’
176 2942 203 2979 “
222 2935 258 3009 in
280 2938 402 3012 locum
419 2923 528 3013 Seruii
545 2918 803 3039 Maluginensrs
815 2941 971 3017 defundi
989 2941 1154 3039 legendo,

175 3064 202 3100 “
222 3059 323 3133 simul
351 3060 509 3154 roganda
548 3064 641 3136 nova
686 3062 806 3159 lege,''
847 3063 1001 3138 disseruit
1029 3045 1153 3138 Casas.

174 3180 319 3253 “Nam
343 3178 502 3276 patricios
531 3178 753 3258 confarreatis
783 3176 982 3281 parentibus
1000 3182 1151 3281 genitos,

174 3307 290 3373 “tres
319 3301 419 3373 fimul
447 3301 635 3393 nominari,
663 3329 708 3376 ex
738 3307 817 3403 quis
851 3330 941 3378 unus
967 3305 1154 3401 legeretur,

175 3426 203 3462 “
220 3420 357 3495 vetusto
370 3447 492 3509 more;
523 3448 638 3522 neque
654 3424 782 3515 adesse,
807 3446 846 3498 ut
871 3425 972 3514 olim,
997 3451 1075 3529 eam
1092 3452 1153 3500 co-

174 3548 202 3584 “
220 3540 330 3638 piam,
379 3542 504 3617 omissi
547 3544 788 3621 confarreandi
820 3544 1059 3638 adsuetudine,
1093 3569 1153 3623 aut

162 3667 204 3710 '⁴‘
223 3663 313 3739 inter
330 3689 463 3762 paucos
479 3668 636 3771 retenta:
660 3665 931 3766 pluresque-ejus
947 3668 995 3743 rei
1013 3669 1154 3743 caufas‘'

172 3781 373 3874 adferebat,
405 3793 433 3831 “
449 3785 673 3890 potissimam,
693 3815 798 3887 penes
814 3789 982 3868 incuriam
998 3791 1154 3870 virorum

639 3911 667 3986 P
696 3935 716 3987 2
