2796 4724
268 337 337 410 160
423 355 428 363 ’
500 315 1045 407 ceoummi‘rnerrrf

263 506 365 582 inrisu
381 506 596 607 audientium
615 507 812 605 postulavit.
861 507 1102 582 Praetendebat
1136 516 1165 555 “
1185 506 1246 587 fibi
1298 569 1303 572 -

223 708 225 710 ,
265 636 294 671 “
309 602 414 725 atque
432 625 526 700 fratri
543 629 681 702 decreta
698 629 835 718 eadem,
870 644 1008 725 petente
1025 631 1191 726 Augusto
1209 631 1255 705 :’'-

263 747 322 822 sed
339 772 455 846 neque
480 768 556 820 tum
590 745 690 821 suiffe
706 748 954 840 dubitaverim,
985 748 1045 847 qui
1075 746 1247 846 ejusmodi

261 892 384 964 preces
401 867 529 941 occulti
544 867 761 941 inluderent:
787 894 827 941 ac
854 875 971 942 ta'men
996 867 1093 941 initia
1117 866 1247 968 astigii

262 986 455 1062 Caesaribus
476 1007 599 1061 erant:
630 986 813 1087 magisque
841 986 877 1060 in
904 987 1014 1061 oculis
1032 1009 1133 1063 vetus
1150 982 1244 1080 moa,

261 1111 295 1181 δι
322 1108 492 1207 privignis
508 1135 593 1183 cum
609 1108 734 1182 vitrico
751 1108 861 1182 levior
876 1110 1100 1201 necesfitudo,
1135 1112 1245 1208 quam

259 1253 327 1301 avo
356 1230 543 1303 adversum
575 1250 752 1327 nepotem.
822 1228 980 1303 Additur
1008 1230 1244 1328 pontificatus,

260 1351 294 1420 δι
319 1374 392 1454 quo
410 1349 565 1447 primum
589 1349 647 1423 die
674 1347 789 1423 sorum
819 1349 986 1448 ingressus
1008 1350 1073 1441 est,
1099 1350 1266 1449 congia.

258 1467 352 1542 rium
388 1469 497 1567 plebi,
544 1469 742 1543 admodum
772 1471 874 1561 laetae,
913 1470 1011 1568 qudd
1045 1470 1246 1544 Germanici

134 1567 138 1578 ¹
224 1588 404 1686 ·stirpem
414 1588 490 1687 jam
508 1592 675 1686 puberem
693 1588 888 1689 aspiciebat.
940 1592 1098 1664 Ansium
1118 1592 1244 1665 dehinc
1290 1664 1291 1667 ,
1348 1577 1350 1581 ⁴

260 1709 446 1809 gaudium,
479 1708 608 1807 nuptiis
636 1711 790 1784 Neronis
811 1717 852 1785 '&
882 1710 986 1807 Juliae
1014 1713 1116 1786 Drusi
1152 1713 1243 1786 filiae.

260 1831 387 1928 thue
415 1831 490 1903 haec
515 1827 668 1905 secundo
689 1856 843 1922 rumore,
868 1832 915 1906 ita
946 1834 1094 1907 adversrs
1121 1832 1244 1906 animis

258 1970 460 2047 acceptum,
488 1950 586 2049 qudd
611 1951 685 2024 filio
709 1952 848 2025 Claudii
874 1952 969 2027 socer
989 1948 1130 2051 Sejanus
1146 1953 1246 2028 desti·

261 2093 422 2146 naretur:
456 2070 617 2169 polluisse
633 2071 852 2145 nobilitatem
881 2070 1020 2146 familiae
1042 2073 1241 2165 videbatur,

260 2189 530 2291 suspectumque
551 2187 626 2288 jam
648 2190 764 2266 nimiae
794 2189 864 2289 spei
885 2189 1046 2289 Sejanum
1062 2193 1153 2265 ultro
1182 2217 1245 2267 ex·

259 2314 385 2388 tulisse.

309 2438 433 2510 XXX.
465 2437 497 2509 F
500 2460 569 2511 rua
587 2435 669 2509 anni
685 2433 880 2509 concessere
898 2433 968 2508 vital
984 2433 1132 2531 insignes
1156 2434 1242 2527 viri,

179 2648 185 2661 ³
258 2556 306 2629 L.
333 2557 506 2646 Volusius,
539 2559 572 2628 δι
602 2556 780 2631 Sallustius
802 2555 954 2653 Crispus.
1016 2557 1160 2674 Yolusro
1181 2582 1244 2631 ve·

257 2696 315 2751 tus
355 2674 500 2768 familia,
542 2702 658 2776 neque
702 2698 821 2751 tamen
860 2697 1045 2774 praeturam
1079 2680 1241 2777 egressa:

142 2790 146 2795 ’
258 2795 331 2896 ipse
358 2797 576 2892 consulatum
604 2798 735 2889 intulit,
768 2797 925 2895 censoria
949 2797 1055 2871 etiam
1077 2801 1245 2896 potestate

259 2919 418 3017 legendis
456 2919 616 3026 equitum
671 2919 828 2994 decuriis
857 2918 1010 3010 functus,
1045 2946 1242 3020 opumque,

259 3040 339 3138 quis
367 3040 497 3115 domus
520 3040 579 3113 illa
604 3040 818 3115 immensinn
850 3039 978 3139 viguit,
1018 3040 1165 3143 primua
1182 3044 1242 3116 ad·

258 3161 469 3234 cumulator.
531 3158 709 3257 Crispum,
737 3160 885 3260 equestri
915 3183 1034 3235 ortum
1067 3163 1161 3252 loco,
1198 3162 1242 3259 C,

258 3282 450 3373 Sallustius,
485 3306 600 3355 rerum
622 3283 869 3356 Romanorum
887 3282 1144 3356 florentissimus
1160 3306 1243 3355 auc·
1268 3267 1270 3280 ’

240 3419 325 3490 tor,
363 3402 486 3477 sororis
519 3422 683 3500 nepotem
716 3401 754 3475 in
786 3428 918 3476 nomen
942 3401 1109 3477 adscivit:
1137 3423 1242 3497 atque

258 3518 330 3608 ille,
357 3547 575 3622 quamquam
600 3544 767 3622 prompto
784 3525 827 3597 ad
846 3525 1070 3622 capessendos
1089 3526 1240 3596 honores

257 3637 371 3727 aditu,
403 3643 640 3723 Maecenatem
669 3647 867 3737 aemulatus,
892 3649 960 3719 stne
996 3642 1165 3741 dignitate
1191 3638 1243 3713 se·

256 3758 386 3834 moria
439 3763 569 3837 multos
611 3765 890 3863 triumphalium,
934 3761 1239 3860 consulariumque
