2796 4724
269 361 336 436 ¹72
459 332 1040 444 C.Co'iruna11'l“nc1rr

264 514 291 549 ‘⁴
310 505 471 594 iussores,
485 505 671 579 adversum
683 507 818 597 Gallos,
835 526 1017 605 tamquam
1032 505 1068 580 in
1087 507 1242 601 hostem,
1308 560 1310 565 .

266 635 294 670 “
312 631 542 717 ducerentur:
578 653 648 699 una
670 653 781 725 nuper
805 630 928 701 cohors
944 627 1110 700 rebellem
1121 630 1240 702 Turo-

249 753 290 819 .“
309 745 422 835 niurn,
450 773 520 820 una
552 749 606 820 ala
617 749 829 838 Treverum,
859 774 981 845 paucae
1011 745 1111 844 hujus
1136 746 1242 842 ipfius

262 872 289 909 “
307 865 476 939 exercitsrs
494 887 618 940 turmae
637 867 869 965 profligavsre
884 869 1086 964 Sequanos:
1107 867 1241 963 quanto

262 994 289 1029 “
309 985 455 1084 pecunia
471 985 572 1075 dites,
597 990 631 1058 δι
661 987 900 1084 voluptatibus
917 988 1117 1085 opulentos,
1142 987 1242 1059 tanto

262 1113 291 1149 “
309 1105 419 1203 magis
437 1104 596 1179 imbelles
612 1107 766 1198 AEduos,
784 1108 948 1199 evincite,
962 1097 1001 1182 i&
1027 1106 1242 1205 fugientibus

260 1232 288 1268 “
307 1224 511 1299 consulite.”
561 1229 691 1326 Ingens
707 1229 752 1301 ad
781 1254 821 1302 ea
842 1231 976 1302 clamor
989 1258 1000 1315 ;
1029 1233 1063 1302 &
1091 1227 1242 1301 circum-

259 1345 350 1421 fudit
374 1374 504 1446 eques;
537 1345 758 1447 frontemque
803 1348 935 1447 pedites
968 1348 1148 1421 invasere:
1179 1374 1244 1422 nec

260 1472 464 1543 cundatum
491 1472 585 1567 apud
612 1471 738 1543 latera:
774 1472 932 1568 paullum
962 1495 1069 1543 morae
1098 1470 1244 1542 attulsre

261 1587 390 1680 serrati,
416 1589 617 1664 restantibus
643 1589 781 1663 laminis
805 1591 996 1664 adversirm
1026 1589 1097 1688 pila
1115 1590 1243 1694 &gla-

260 1711 363 1784 dios:
388 1710 588 1820 sedxmiles,
626 1711 790 1809 correptis
812 1710 989 1786 securibus
1018 1716 1052 1784 ὅτ
1078 1708 1242 1800 dolabris,

260 1836 350 1905 uts1
384 1857 525 1905 murum
563 1854 818 1928 perrumperet,
854 1832 987 1906 caedere
1019 1832 1177 1931 tegmina
1207 1835 1262 1907 δι.

260 1977 431 2047 corpora:
464 1950 610 2048 quidam
640 1952 799 2025 trudibus
834 1972 894 2025 aut
927 1951 1044 2042 furcis,
1095 1955 1246 2026 inertem

261 2072 392 2145 molem
420 2069 660 2167 prosternere3
679 2069 903 2169 jacentesque
929 2073 1027 2144 nullo
1061 2074 1106 2144 ad
1135 2072 1244 2144 resur-

260 2192 417 2290 gendum
446 2189 532 2280 nisu,
557 2195 650 2289 quast
673 2191 850 2265 exanimes
875 2191 1132 2288 linquebantur.
1183 2193 1244 2263 Sa·

261 2309 377 2384 crovir
395 2310 508 2407 pritnb
527 2311 843 2409 Augustodunum,
865 2312 947 2386 dein
970 2331 1067 2385 metu
1091 2309 1243 2382 deditio·

262 2432 315 2507 nis
345 2431 381 2506 in
407 2431 529 2504 villam
557 2432 792 2531 propinquam
821 2460 903 2537 cum
933 2432 1100 2505 fidissimis
1118 2431 1244 2529 pergit.

262 2557 339 2631 Illic
365 2553 423 2628 sua
440 2580 561 2645 mauu,
592 2554 717 2654 reliqui
745 2556 877 2629 mutuis
906 2554 1030 2630 idibus
1058 2552 1245 2626 occidsre:

261 2674 399 2773 ipcensa
416 2674 516 2772 super
533 2675 630 2766 villa,
658 2701 780 2749 omnes
798 2675 978 2749 cremavit.

311 2798 463 2871 XLVII.
494 2797 591 2869 Tum
618 2797 765 2870 demum
792 2795 957 2870 Tiberius
983 2814 1102 2869 ortum
1131 2815 1248 2892 patra·
1347 2868 1352 2874 ,

262 2939 412 3017 tumque
441 2917 573 2991 bellum
602 2915 733 2992 senatui
758 2915 912 3015 scripsit:
940 2941 1055 3016 neque
1084 2915 1249 3014 dempsit,

263 3059 323 3114 aut
340 3036 476 3112 addidit
494 3062 605 3125 vero;
639 3037 697 3112 sed
725 3045 753 3080 “
772 3040 843 3112 fide
870 3065 911 3111 ac
941 3037 1072 3110 virtute
1101 3037 1248 3135 legatos,

148 3188 149 3191 ¹
264 3168 292 3231 “.
310 3158 344 3233 se
360 3141 508 3231 confili'is
524 3155 762 3253 superfuiffess’
812 3158 923 3231 Simul
940 3155 1069 3249 causas,
1099 3182 1162 3230 cur
1179 3180 1250 3228 non

262 3278 348 3374 ipse,
383 3303 454 3350 non
481 3274 613 3350 Drusus
641 3276 788 3374 professi
818 3279 862 3351 ad
891 3279 928 3352 id
960 3281 1093 3352 bellum
1122 3275 1250 3366 forent,

262 3395 437 3492 adjunxit,
480 3396 807 3494 “magnitudinem
853 3397 1015 3495 imperii'’
1065 3399 1248 3472 extollens.

217 3575 220 3589 .
264 3522 292 3558 “
311 3516 438 3611 Neque
455 3518 622 3591 decorum
634 3516 854 3614 Principibus
873 3520 952 3613 (²⁷⁵),
973 3522 995 3591 s1
1013 3545 1083 3591 una
1098 3518 1248 3590 alterave

265 3632 435 3707 “civitas
465 3642 598 3729 turbet,
628 3637 751 3711 omissa
778 3639 893 3727 Urbe,
931 3641 1025 3712 unde
1058 3638 1092 3709 in
1126 3632 1248 3706 omnia

265 3763 293 3804 “
311 3751 491 3852 regimen:
523 3783 618 3831 nunc
647 3757 729 3856 quia
762 3757 835 3830 non
863 3778 959 3831 tnetu
982 3759 1142 3840 ducatur,
1179 3749 1246 3827 itu-

177 3963 184 3977 ·
265 3887 292 3929 “
311 3903 406 3968 rum,
431 3894 469 3950 ut
498 3874 675 3975 praesentia
704 3878 882 3981 spessaret,
912 3876 1250 3981 componeretque.'¹
