2834 4732
259 331 309 422 48
437 336 440 340 ’
482 274 1067 397 C.Conuss11Tnctr1

260 503 368 593 baris,
392 500 525 598 quantb
550 498 629 598 quis
650 497 797 572 audacia
820 517 1020 595 promptus,
1043 497 1143 572 tanto
1162 527 1239 595 ma÷

260 626 313 724 gis
337 624 442 713 fidus,
473 617 645 718 rebusque
661 619 765 694 motis
782 619 897 718 potior
909 619 1070 692 habetur.
1122 624 1239 698 Addi.

258 746 358 818 derat
378 742 534 842 Segestes
565 741 688 841 legatis
725 740 854 831 filium,
879 739 1022 813 nomine
1050 740 1238 841 Segimun.

258 867 367 938 dum:
387 862 593 962 sedjuvenis
606 860 1073 937 conscientiacunetabatur:
1103 863 1239 963 quippe

258 1012 367 1077 anno,
400 1012 471 1083 quo
496 983 700 1058 Germaniaes
732 982 917 1075 descivere,
957 982 1114 1059 sacerdos
1142 989 1238 1086 apud
1288 1024 1289 1027 ¹

260 1111 373 1181 Aram
393 1106 576 1181 Ubiorum
598 1125 747 1196 creatus,
772 1126 912 1205 ruperat
933 1105 1050 1197 vittas,
1068 1105 1238 1207 profugus

260 1230 306 1303 ad
330 1230 486 1303 rebelles.
549 1229 737 1302 Adduelos
760 1239 878 1301 tamen
901 1227 938 1300 in
961 1226 1058 1327 spem
1084 1230 1237 1304 clemen·
1272 1269 1282 1290 x

257 1349 316 1423 tiae
351 1353 542 1441 Romanae,
579 1349 721 1447 pertulit
756 1348 861 1447 patris
900 1350 1079 1440 mandata,
1113 1350 1238 1450 benig·

259 1473 376 1570 neque
398 1491 568 1569 exceptus
602 1497 686 1545 cum
716 1470 875 1567 praesidio
903 1469 1080 1545 Gallicam
1114 1470 1152 1547 in
1192 1472 1239 1547 ri·

260 1619 346 1692 pam
368 1575 488 1668 missus
517 1592 578 1667 est.
628 1592 842 1695 Germanico
866 1590 1019 1690 pretium
1047 1589 1129 1684 fuit,
1154 1618 1239 1687 con-

259 1694 396 1789 uertere
441 1739 607 1813 agmen:
647 1733 919 1812 pugnatumque
955 1711 993 1785 in
1032 1715 1239 1807 obfidentes,

262 1838 296 1905 &
326 1854 466 1931 ereptus
501 1832 656 1932 Segestes
683 1835 815 1930 magna
842 1858 926 1906 cum
958 1833 1241 1933 propinquorum

260 1958 294 2025 δι
312 1954 500 2027 elientium
520 1978 639 2025 manu.
690 1956 829 2025 Inerant
850 1952 992 2025 feminae
1013 1955 1162 2044 nobiles,
1183 1956 1239 2030 in·

259 2092 311 2145 ter
344 2098 430 2169 quas
450 2097 542 2146 uxor
569 2071 738 2161 Arminii,
768 2072 964 2168 eademque
985 2071 1057 2144 filia
1076 2064 1236 2172 Segestis,
1282 2148 1285 2155 ,

262 2191 377 2264 mariti
400 2191 514 2291 magis
539 2193 648 2290 quam
673 2191 823 2289 parentis
847 2190 980 2283 animo,
1006 2216 1122 2290 neque
1145 2193 1239 2271 vitta

177 2399 180 2407 ¹
258 2313 296 2387 in
309 2312 482 2404 lacrimas,
511 2339 625 2412 neque
642 2338 731 2386 voce
747 2311 908 2411 supplex,
932 2315 1129 2411 compressis
1148 2314 1239 2393 intra

259 2435 565 2527 mummium,
577 2518 580 2525 p
590 2435 777 2534 gravidum
793 2457 930 2510 utenrm
946 2434 1096 2508 intuens.
1136 2437 1239 2512 Fere·

261 2558 391 2629 bant‘ur
415 2561 449 2628 ὃ(
472 2554 581 2653 spolia
594 2555 750 2631 Varianae
768 2557 891 2647 eladis,
916 2555 1088 2654 plerisque
1099 2581 1238 2652 eorum,
1290 2597 1292 2602 ⁷

261 2676 425 2775 quitum
450 2675 486 2748 in
515 2675 732 2751 deditionem
760 2677 962 2769 veniebant,
995 2679 1125 2776 praedae
1147 2681 1240 2754 data.

257 2798 372 2873 Simul
384 2797 538 2898 Segestes
554 2795 625 2895 ipse
641 2797 765 2897 ingens
786 2796 876 2889 visu,
908 2805 943 2873 δι
955 2800 1123 2876 memoria
1135 2803 1239 2876 bonae

259 2918 430 2994 societatis
443 2917 670 3018 impavidus:
695 2922 804 2994 verba
827 2918 899 3018 ejus
924 2919 962 2992 in
983 2921 1079 2995 hunc
1089 2923 1240 2997 modum

260 3038 370 3113 fuere.

306 3163 440 3236 LVIII.
459 3166 488 3203 “
501 3162 596 3234 Nou
616 3185 685 3236 nro
707 3162 795 3236 mihi
808 3162 942 3262 primus
965 3187 1047 3262 erga
1065 3164 1238 3264 populum

260 3285 516 3357 “Romanum
541 3281 623 3356 fidei
650 3288 684 3358 δι
708 3283 910 3358 constantiae
933 3284 1030 3358 dies:
1063 3309 1108 3357 ex
1125 3309 1240 3384 quoa

259 3401 390 3474 “divo
423 3403 588 3503 Augusto
616 3403 757 3478 civitate
792 3404 942 3479 donatus
976 3404 1067 3497 sum,
1106 3405 1239 3478 amieos

261 3526 289 3563 “
306 3518 536 3620 inimicosque
548 3549 593 3597 ex
606 3524 724 3597 vestris
736 3523 941 3602 utilitatibus
953 3526 1093 3625 delegi:
1122 3550 1238 3622 neque

259 3649 288 3685 “
306 3640 390 3734 odio
404 3643 538 3739 patria,
559 3644 713 3744 (quippe
725 3646 931 3744 proditores,
956 3647 1062 3721 etiam
1080 3643 1124 3717 iis
1148 3669 1238 3742 quos

260 3770 288 3808 “
306 3783 539 3860 anteponunt,
568 3764 666 3841 inuisi
692 3766 788 3865 sunt)
810 3768 932 3844 verum
957 3766 1040 3867 quia
1064 3766 1237 3843 Romanis
