<?xml version="1.0" encoding="UTF-8"?>
<!DOCTYPE html PUBLIC "-//W3C//DTD XHTML 1.0 Transitional//EN"
    "http://www.w3.org/TR/xhtml1/DTD/xhtml1-transitional.dtd">
<html xmlns="http://www.w3.org/1999/xhtml" xml:lang="en" lang="en">
 <head>
  <title>
</title>
<meta http-equiv="Content-Type" content="text/html;charset=utf-8" />
  <meta name='ocr-system' content='tesseract 3.04.00' />
  <meta name='ocr-capabilities' content='ocr_page ocr_carea ocr_par ocr_line ocrx_word'/>
</head>
<body>
  <div class='ocr_page' id='page_1' title='image "./ccorneliitaciti00freigoog_0076.png"; bbox 0 0 2776 4724; ppageno 0'>
   <div class='ocr_carea' id='block_1_1' title="bbox 385 320 1138 422">
    <p class='ocr_par' dir='ltr' id='par_1_1' title="bbox 385 320 1138 422">
     <span class='ocr_line' id='line_1_1' title="bbox 385 320 1138 422; baseline 0.003 -29"><span class='ocrx_word' id='word_1_1' title='bbox 385 320 696 393; x_wconf 71' lang='lat' dir='ltr'>Arruntium</span> <span class='ocrx_word' id='word_1_2' title='bbox 728 321 843 393; x_wconf 80' lang='lat' dir='ltr'>Lis.</span> <span class='ocrx_word' id='word_1_3' title='bbox 876 320 905 391; x_wconf 93' lang='lat' dir='ltr'>I.</span> <span class='ocrx_word' id='word_1_4' title='bbox 1091 345 1138 422; x_wconf 80' lang='lat'>25</span> 
     </span>
    </p>
   </div>
   <div class='ocr_carea' id='block_1_2' title="bbox 96 482 1234 3737">
    <p class='ocr_par' dir='ltr' id='par_1_2' title="bbox 154 482 1176 836">
     <span class='ocr_line' id='line_1_2' title="bbox 156 482 1140 592; baseline 0.003 -25"><span class='ocrx_word' id='word_1_5' title='bbox 156 502 187 540; x_wconf 91' lang='lat'><strong>“</strong></span> <span class='ocrx_word' id='word_1_6' title='bbox 205 515 288 592; x_wconf 88' lang='lat' dir='ltr'>ergo</span> <span class='ocrx_word' id='word_1_7' title='bbox 304 487 460 580; x_wconf 65' lang='lat' dir='ltr'>senatum</span> <span class='ocrx_word' id='word_1_8' title='bbox 492 491 758 585; x_wconf 89' lang='lat' dir='ltr'>consulendum,</span> <span class='ocrx_word' id='word_1_9' title='bbox 789 482 948 592; x_wconf 82' lang='lat' dir='ltr'>quotiens</span> <span class='ocrx_word' id='word_1_10' title='bbox 973 490 1140 590; x_wconf 80' lang='lat' dir='ltr'>supplicia</span> 
     </span>
     <span class='ocr_line' id='line_1_3' title="bbox 156 611 1176 712; baseline -0.001 -22"><span class='ocrx_word' id='word_1_11' title='bbox 156 623 258 690; x_wconf 82' lang='lat' dir='ltr'>“aut</span> <span class='ocrx_word' id='word_1_12' title='bbox 274 614 398 712; x_wconf 86' lang='lat' dir='ltr'>proelia</span> <span class='ocrx_word' id='word_1_13' title='bbox 423 614 643 689; x_wconf 83' lang='lat' dir='ltr'>indicantur:</span> <span class='ocrx_word' id='word_1_14' title='bbox 664 642 709 688; x_wconf 86' lang='lat' dir='ltr'>an</span> <span class='ocrx_word' id='word_1_15' title='bbox 735 614 877 712; x_wconf 79' lang='lat' dir='ltr'>praemia</span> <span class='ocrx_word' id='word_1_16' title='bbox 891 611 954 688; x_wconf 92' lang='lat' dir='ltr'>sub</span> <span class='ocrx_word' id='word_1_17' title='bbox 971 613 1138 707; x_wconf 91' lang='lat' dir='ltr'>dominis,</span> <span class='ocrx_word' id='word_1_18' title='bbox 1172 697 1176 702; x_wconf 53' lang='grc'>,</span> 
     </span>
     <span class='ocr_line' id='line_1_4' title="bbox 154 736 703 836; baseline 0 -26"><span class='ocrx_word' id='word_1_19' title='bbox 154 746 183 781; x_wconf 89' lang='grc'><strong>“</strong></span> <span class='ocrx_word' id='word_1_20' title='bbox 199 749 329 836; x_wconf 84' lang='lat' dir='ltr'>poenas&#39;</span> <span class='ocrx_word' id='word_1_21' title='bbox 340 740 409 810; x_wconf 90' lang='lat' dir='ltr'>fine</span> <span class='ocrx_word' id='word_1_22' title='bbox 426 736 556 810; x_wconf 87' lang='lat' dir='ltr'>arbitro</span> <span class='ocrx_word' id='word_1_23' title='bbox 573 739 639 810; x_wconf 85' lang='lat' dir='ltr'>effe</span> <span class='ocrx_word' id='word_1_24' title='bbox 653 741 665 810; x_wconf 70' lang='grc' dir='ltr'><em>ἒ</em></span> <span class='ocrx_word' id='word_1_25' title='bbox 681 738 703 768; x_wconf 90' lang='grc'>”</span> 
     </span>
    </p>

    <p class='ocr_par' dir='ltr' id='par_1_3' title="bbox 96 856 1234 1925">
     <span class='ocr_line' id='line_1_5' title="bbox 201 856 1139 957; baseline -0.003 -23"><span class='ocrx_word' id='word_1_26' title='bbox 201 860 356 934; x_wconf 90' lang='lat' dir='ltr'><strong>XXVII.</strong></span> <span class='ocrx_word' id='word_1_27' title='bbox 390 859 605 932; x_wconf 77' lang='lat' dir='ltr'>Posrnnnto</span> <span class='ocrx_word' id='word_1_28' title='bbox 634 856 794 931; x_wconf 89' lang='lat' dir='ltr'>deserunt</span> <span class='ocrx_word' id='word_1_29' title='bbox 810 856 974 955; x_wconf 82' lang='lat' dir='ltr'>tribunal,</span> <span class='ocrx_word' id='word_1_30' title='bbox 1005 878 1044 931; x_wconf 92' lang='lat' dir='ltr'>ut</span> <span class='ocrx_word' id='word_1_31' title='bbox 1061 860 1139 957; x_wconf 83' lang='lat' dir='ltr'>quis</span> 
     </span>
     <span class='ocr_line' id='line_1_6' title="bbox 153 975 1146 1080; baseline 0 -26"><span class='ocrx_word' id='word_1_32' title='bbox 153 980 437 1080; x_wconf 68' lang='lat' dir='ltr'>praetorianorum</span> <span class='ocrx_word' id='word_1_33' title='bbox 467 979 631 1068; x_wconf 88' lang='lat' dir='ltr'>militum,</span> <span class='ocrx_word' id='word_1_34' title='bbox 659 978 896 1053; x_wconf 85' lang='lat' dir='ltr'>amicorumve</span> <span class='ocrx_word' id='word_1_35' title='bbox 912 975 1051 1052; x_wconf 72' lang='lat' dir='ltr'>Caesaris</span> <span class='ocrx_word' id='word_1_36' title='bbox 1078 1006 1146 1054; x_wconf 50' lang='lat' dir='ltr'>oce</span> 
     </span>
     <span class='ocr_line' id='line_1_7' title="bbox 153 1097 1137 1193; baseline -0.002 -17"><span class='ocrx_word' id='word_1_37' title='bbox 153 1122 318 1193; x_wconf 88' lang='lat' dir='ltr'>curreret,</span> <span class='ocrx_word' id='word_1_38' title='bbox 348 1127 470 1174; x_wconf 84' lang='lat' dir='ltr'>manus</span> <span class='ocrx_word' id='word_1_39' title='bbox 487 1101 710 1191; x_wconf 78' lang='lat' dir='ltr'>intentantes,</span> <span class='ocrx_word' id='word_1_40' title='bbox 741 1097 876 1173; x_wconf 83' lang='lat' dir='ltr'>causam</span> <span class='ocrx_word' id='word_1_41' title='bbox 892 1097 1084 1190; x_wconf 70' lang='lat' dir='ltr'>discordiae,</span> <span class='ocrx_word' id='word_1_42' title='bbox 1102 1105 1137 1174; x_wconf 75' lang='grc' dir='ltr'>δι</span> 
     </span>
     <span class='ocr_line' id='line_1_8' title="bbox 152 1218 1138 1315; baseline -0.001 -19"><span class='ocrx_word' id='word_1_43' title='bbox 152 1223 288 1296; x_wconf 83' lang='lat' dir='ltr'>initium</span> <span class='ocrx_word' id='word_1_44' title='bbox 314 1248 515 1295; x_wconf 78' lang='lat' dir='ltr'>armorum:</span> <span class='ocrx_word' id='word_1_45' title='bbox 552 1221 706 1295; x_wconf 61' lang='lat' dir='ltr'>maxim&amp;</span> <span class='ocrx_word' id='word_1_46' title='bbox 735 1218 854 1294; x_wconf 80' lang='lat' dir='ltr'>infensi</span> <span class='ocrx_word' id='word_1_47' title='bbox 881 1221 948 1294; x_wconf 84' lang='lat' dir='ltr'>Cn.</span> <span class='ocrx_word' id='word_1_48' title='bbox 965 1223 1138 1315; x_wconf 87' lang='lat' dir='ltr'>Lentulo,</span> 
     </span>
     <span class='ocr_line' id='line_1_9' title="bbox 154 1340 1139 1440; baseline 0.001 -23"><span class='ocrx_word' id='word_1_49' title='bbox 154 1344 253 1440; x_wconf 74' lang='lat' dir='ltr'>qnod</span> <span class='ocrx_word' id='word_1_50' title='bbox 279 1342 310 1437; x_wconf 18' lang='lat' dir='ltr'>is*</span> <span class='ocrx_word' id='word_1_51' title='bbox 332 1363 412 1416; x_wconf 88' lang='lat' dir='ltr'>ante</span> <span class='ocrx_word' id='word_1_52' title='bbox 440 1342 524 1415; x_wconf 84' lang='lat' dir='ltr'>alios</span> <span class='ocrx_word' id='word_1_53' title='bbox 549 1363 647 1435; x_wconf 74' lang='lat' dir='ltr'>aetate</span> <span class='ocrx_word' id='word_1_54' title='bbox 675 1344 708 1414; x_wconf 75' lang='grc' dir='ltr'>δι</span> <span class='ocrx_word' id='word_1_55' title='bbox 737 1341 846 1439; x_wconf 72' lang='lat' dir='ltr'>glorid</span> <span class='ocrx_word' id='word_1_56' title='bbox 872 1340 968 1431; x_wconf 91' lang='lat' dir='ltr'>belli,</span> <span class='ocrx_word' id='word_1_57' title='bbox 1000 1344 1139 1417; x_wconf 85' lang='lat' dir='ltr'>firmare</span> 
     </span>
     <span class='ocr_line' id='line_1_10' title="bbox 96 1460 1138 1559; baseline -0.001 -21"><span class='ocrx_word' id='word_1_58' title='bbox 96 1514 101 1538; x_wconf 79' lang='grc'>.</span> <span class='ocrx_word' id='word_1_59' title='bbox 155 1461 310 1537; x_wconf 87' lang='lat' dir='ltr'>Drusum</span> <span class='ocrx_word' id='word_1_60' title='bbox 332 1464 549 1552; x_wconf 85' lang='lat' dir='ltr'>credebatur,</span> <span class='ocrx_word' id='word_1_61' title='bbox 579 1463 688 1536; x_wconf 86' lang='lat' dir='ltr'>&amp;illa</span> <span class='ocrx_word' id='word_1_62' title='bbox 705 1461 833 1534; x_wconf 86' lang='lat' dir='ltr'>militiae</span> <span class='ocrx_word' id='word_1_63' title='bbox 851 1460 980 1559; x_wconf 84' lang='lat' dir='ltr'>flagitia</span> <span class='ocrx_word' id='word_1_64' title='bbox 1006 1463 1138 1559; x_wconf 88' lang='lat' dir='ltr'>primus</span> 
     </span>
     <span class='ocr_line' id='line_1_11' title="bbox 155 1575 1234 1682; baseline 0 -25"><span class='ocrx_word' id='word_1_65' title='bbox 155 1583 337 1680; x_wconf 80' lang='lat' dir='ltr'>aspernari.</span> <span class='ocrx_word' id='word_1_66' title='bbox 367 1585 445 1657; x_wconf 91' lang='lat' dir='ltr'>Nec</span> <span class='ocrx_word' id='word_1_67' title='bbox 462 1582 573 1656; x_wconf 78' lang='lat' dir='ltr'>multo</span> <span class='ocrx_word' id='word_1_68' title='bbox 590 1582 664 1682; x_wconf 81' lang='lat' dir='ltr'>pbst</span> <span class='ocrx_word' id='word_1_69' title='bbox 690 1576 944 1681; x_wconf 84' lang='lat' dir='ltr'>digredientem</span> <span class='ocrx_word' id='word_1_70' title='bbox 962 1608 1043 1656; x_wconf 90' lang='lat' dir='ltr'>cum</span> <span class='ocrx_word' id='word_1_71' title='bbox 1060 1584 1136 1657; x_wconf 83' lang='lat' dir='ltr'>Cae-</span> <span class='ocrx_word' id='word_1_72' title='bbox 1200 1575 1203 1586; x_wconf 65' lang='grc'><em>’</em></span> <span class='ocrx_word' id='word_1_73' title='bbox 1233 1622 1234 1626; x_wconf 53' lang='lat'><em>=</em></span> 
     </span>
     <span class='ocr_line' id='line_1_12' title="bbox 155 1691 1138 1803; baseline 0.001 -27"><span class='ocrx_word' id='word_1_74' title='bbox 155 1704 242 1803; x_wconf 82' lang='lat' dir='ltr'>sare,</span> <span class='ocrx_word' id='word_1_75' title='bbox 260 1730 301 1777; x_wconf 89' lang='lat' dir='ltr'>ac</span> <span class='ocrx_word' id='word_1_76' title='bbox 318 1701 455 1802; x_wconf 88' lang='lat' dir='ltr'>provisu</span> <span class='ocrx_word' id='word_1_77' title='bbox 473 1704 612 1802; x_wconf 91' lang='lat' dir='ltr'>periculi</span> <span class='ocrx_word' id='word_1_78' title='bbox 630 1691 774 1778; x_wconf 84' lang='lat' dir='ltr'>hiberna</span> <span class='ocrx_word' id='word_1_79' title='bbox 786 1702 892 1778; x_wconf 84' lang='lat' dir='ltr'>castra</span> <span class='ocrx_word' id='word_1_80' title='bbox 908 1714 1138 1801; x_wconf 87' lang='lat' dir='ltr'>repetentem,</span> 
     </span>
     <span class='ocr_line' id='line_1_13' title="bbox 155 1823 1138 1925; baseline -0.002 -26"><span class='ocrx_word' id='word_1_81' title='bbox 155 1825 419 1915; x_wconf 86' lang='lat' dir='ltr'>circumfistunt,</span> <span class='ocrx_word' id='word_1_82' title='bbox 448 1825 647 1925; x_wconf 84' lang='lat' dir='ltr'>rogitantes,</span> <span class='ocrx_word' id='word_1_83' title='bbox 672 1832 699 1868; x_wconf 88' lang='lat'><strong>“</strong></span> <span class='ocrx_word' id='word_1_84' title='bbox 718 1823 789 1923; x_wconf 77' lang='lat' dir='ltr'>qud</span> <span class='ocrx_word' id='word_1_85' title='bbox 807 1828 991 1923; x_wconf 84' lang='lat' dir='ltr'>pergeret?</span> <span class='ocrx_word' id='word_1_86' title='bbox 1009 1826 1055 1898; x_wconf 81' lang='lat' dir='ltr'>ad</span> <span class='ocrx_word' id='word_1_87' title='bbox 1071 1825 1138 1897; x_wconf 92' lang='lat' dir='ltr'>im-</span> 
     </span>
    </p>

    <p class='ocr_par' dir='ltr' id='par_1_4' title="bbox 139 1925 1230 2530">
     <span class='ocr_line' id='line_1_14' title="bbox 157 1925 1230 2045; baseline -0.001 -25"><span class='ocrx_word' id='word_1_88' title='bbox 157 1954 185 1989; x_wconf 91' lang='lat'><strong>“</strong></span> <span class='ocrx_word' id='word_1_89' title='bbox 203 1968 410 2045; x_wconf 79' lang='lat' dir='ltr'>peratorem,</span> <span class='ocrx_word' id='word_1_90' title='bbox 442 1972 487 2019; x_wconf 81' lang='lat' dir='ltr'>an</span> <span class='ocrx_word' id='word_1_91' title='bbox 503 1948 548 2021; x_wconf 84' lang='lat' dir='ltr'>ad</span> <span class='ocrx_word' id='word_1_92' title='bbox 565 1949 703 2044; x_wconf 88' lang='lat' dir='ltr'>patres?</span> <span class='ocrx_word' id='word_1_93' title='bbox 722 1967 762 2020; x_wconf 90' lang='lat' dir='ltr'>ut</span> <span class='ocrx_word' id='word_1_94' title='bbox 786 1946 857 2021; x_wconf 91' lang='lat' dir='ltr'>illic</span> <span class='ocrx_word' id='word_1_95' title='bbox 884 1971 1024 2045; x_wconf 93' lang='lat' dir='ltr'>quoque</span> <span class='ocrx_word' id='word_1_96' title='bbox 1041 1966 1139 2019; x_wconf 89' lang='lat' dir='ltr'>com·</span> <span class='ocrx_word' id='word_1_97' title='bbox 1225 1925 1230 1944; x_wconf 56' lang='lat'>,</span> 
     </span>
     <span class='ocr_line' id='line_1_15' title="bbox 139 2066 1137 2167; baseline -0.002 -25"><span class='ocrx_word' id='word_1_98' title='bbox 139 2068 185 2111; x_wconf 67' lang='grc'>’“</span> <span class='ocrx_word' id='word_1_99' title='bbox 203 2068 315 2142; x_wconf 92' lang='lat' dir='ltr'>modis</span> <span class='ocrx_word' id='word_1_100' title='bbox 333 2068 514 2167; x_wconf 90' lang='lat' dir='ltr'>legionum</span> <span class='ocrx_word' id='word_1_101' title='bbox 526 2066 787 2142; x_wconf 81' lang='lat' dir='ltr'>adversaretur?</span> <span class='ocrx_word' id='word_1_102' title='bbox 804 2069 827 2099; x_wconf 82' lang='lat'>&#39;¹</span> <span class='ocrx_word' id='word_1_103' title='bbox 845 2070 942 2142; x_wconf 81' lang='lat' dir='ltr'>simul</span> <span class='ocrx_word' id='word_1_104' title='bbox 955 2068 1137 2166; x_wconf 90' lang='lat' dir='ltr'>ingruunt,</span> 
     </span>
     <span class='ocr_line' id='line_1_16' title="bbox 154 2179 1138 2288; baseline -0.001 -27"><span class='ocrx_word' id='word_1_105' title='bbox 154 2179 375 2288; x_wconf 65' lang='lat' dir='ltr'>saxa&#39;jaciunt</span> <span class='ocrx_word' id='word_1_106' title='bbox 389 2220 397 2262; x_wconf 92' lang='lat'><strong>:</strong></span> <span class='ocrx_word' id='word_1_107' title='bbox 410 2188 558 2288; x_wconf 83' lang='lat' dir='ltr'>jamque</span> <span class='ocrx_word' id='word_1_108' title='bbox 587 2187 710 2285; x_wconf 86' lang='lat' dir='ltr'>lapidis</span> <span class='ocrx_word' id='word_1_109' title='bbox 728 2187 797 2261; x_wconf 78' lang='lat' dir='ltr'>inu</span> <span class='ocrx_word' id='word_1_110' title='bbox 815 2211 990 2280; x_wconf 90' lang='lat' dir='ltr'>cruentus,</span> <span class='ocrx_word' id='word_1_111' title='bbox 1011 2192 1044 2261; x_wconf 71' lang='grc' dir='ltr'>ἃ</span> <span class='ocrx_word' id='word_1_112' title='bbox 1063 2187 1138 2262; x_wconf 87' lang='lat' dir='ltr'>exi·</span> 
     </span>
     <span class='ocr_line' id='line_1_17' title="bbox 153 2288 1140 2408; baseline -0.002 -25"><span class='ocrx_word' id='word_1_113' title='bbox 153 2309 189 2383; x_wconf 91' lang='lat' dir='ltr'>tii</span> <span class='ocrx_word' id='word_1_114' title='bbox 205 2332 331 2401; x_wconf 89' lang='lat' dir='ltr'>certus,</span> <span class='ocrx_word' id='word_1_115' title='bbox 361 2288 511 2385; x_wconf 79' lang='lat' dir='ltr'>adcursu·</span> <span class='ocrx_word' id='word_1_116' title='bbox 542 2308 787 2401; x_wconf 88' lang='lat' dir='ltr'>multitudinis,</span> <span class='ocrx_word' id='word_1_117' title='bbox 819 2337 896 2408; x_wconf 86' lang='lat' dir='ltr'>quae</span> <span class='ocrx_word' id='word_1_118' title='bbox 913 2335 995 2385; x_wconf 89' lang='lat' dir='ltr'>cum</span> <span class='ocrx_word' id='word_1_119' title='bbox 1025 2307 1140 2382; x_wconf 87' lang='lat' dir='ltr'>Druso</span> 
     </span>
     <span class='ocr_line' id='line_1_18' title="bbox 153 2430 626 2530; baseline -0.004 -25"><span class='ocrx_word' id='word_1_120' title='bbox 153 2432 353 2530; x_wconf 76' lang='lat' dir='ltr'>advenerat,</span> <span class='ocrx_word' id='word_1_121' title='bbox 372 2433 550 2528; x_wconf 77' lang='lat' dir='ltr'>proteerus</span> <span class='ocrx_word' id='word_1_122' title='bbox 567 2430 626 2504; x_wconf 90' lang='lat' dir='ltr'>est.</span> 
     </span>
    </p>

    <p class='ocr_par' dir='ltr' id='par_1_5' title="bbox 117 2549 1209 3737">
     <span class='ocr_line' id='line_1_19' title="bbox 203 2549 1209 2649; baseline 0 -23"><span class='ocrx_word' id='word_1_123' title='bbox 203 2554 373 2626; x_wconf 88' lang='lat' dir='ltr'>XXVIII.</span> <span class='ocrx_word' id='word_1_124' title='bbox 394 2555 570 2625; x_wconf 78' lang='lat' dir='ltr'>Nocreru</span> <span class='ocrx_word' id='word_1_125' title='bbox 588 2551 776 2641; x_wconf 83' lang='lat' dir='ltr'>minacem,</span> <span class='ocrx_word' id='word_1_126' title='bbox 807 2556 842 2626; x_wconf 76' lang='grc' dir='ltr'>δι</span> <span class='ocrx_word' id='word_1_127' title='bbox 857 2551 894 2628; x_wconf 91' lang='lat' dir='ltr'>in</span> <span class='ocrx_word' id='word_1_128' title='bbox 912 2553 1019 2628; x_wconf 88' lang='lat' dir='ltr'>scelus</span> <span class='ocrx_word' id='word_1_129' title='bbox 1036 2577 1139 2649; x_wconf 93' lang='lat' dir='ltr'>erup·</span> <span class='ocrx_word' id='word_1_130' title='bbox 1205 2549 1209 2558; x_wconf 75' lang='grc'><strong>’</strong></span> 
     </span>
     <span class='ocr_line' id='line_1_20' title="bbox 155 2665 1141 2772; baseline -0.001 -27"><span class='ocrx_word' id='word_1_131' title='bbox 155 2691 283 2764; x_wconf 82' lang='lat' dir='ltr'>turam,</span> <span class='ocrx_word' id='word_1_132' title='bbox 313 2672 382 2746; x_wconf 87' lang='lat' dir='ltr'>sors</span> <span class='ocrx_word' id='word_1_133' title='bbox 410 2673 556 2747; x_wconf 83' lang='lat' dir='ltr'>lenivit:</span> <span class='ocrx_word' id='word_1_134' title='bbox 576 2699 658 2747; x_wconf 81' lang='lat' dir='ltr'>nam</span> <span class='ocrx_word' id='word_1_135' title='bbox 676 2665 758 2747; x_wconf 85' lang='lat' dir='ltr'>luna</span> <span class='ocrx_word' id='word_1_136' title='bbox 774 2674 868 2747; x_wconf 80' lang='lat' dir='ltr'>claro</span> <span class='ocrx_word' id='word_1_137' title='bbox 884 2674 1024 2772; x_wconf 73' lang='lat' dir='ltr'>repente</span> <span class='ocrx_word' id='word_1_138' title='bbox 1054 2674 1141 2747; x_wconf 87' lang='lat' dir='ltr'>caelo</span> 
     </span>
     <span class='ocr_line' id='line_1_21' title="bbox 153 2790 1141 2895; baseline 0.001 -30"><span class='ocrx_word' id='word_1_139' title='bbox 153 2790 224 2868; x_wconf 84' lang='lat' dir='ltr'>visa</span> <span class='ocrx_word' id='word_1_140' title='bbox 240 2794 469 2895; x_wconf 88' lang='lat' dir='ltr'>languescere.</span> <span class='ocrx_word' id='word_1_141' title='bbox 497 2795 539 2867; x_wconf 95' lang='lat' dir='ltr'>Id</span> <span class='ocrx_word' id='word_1_142' title='bbox 556 2794 680 2884; x_wconf 80' lang='lat' dir='ltr'>miles,</span> <span class='ocrx_word' id='word_1_143' title='bbox 699 2795 838 2868; x_wconf 82' lang='lat' dir='ltr'>rationis</span> <span class='ocrx_word' id='word_1_144' title='bbox 854 2796 1007 2893; x_wconf 84' lang='lat' dir='ltr'>ignams,</span> <span class='ocrx_word' id='word_1_145' title='bbox 1035 2818 1141 2866; x_wconf 88' lang='lat' dir='ltr'>omen</span> 
     </span>
     <span class='ocr_line' id='line_1_22' title="bbox 117 2913 1140 3012; baseline 0 -24"><span class='ocrx_word' id='word_1_146' title='bbox 117 2962 122 2972; x_wconf 45' lang='lat'><em>1</em></span> <span class='ocrx_word' id='word_1_147' title='bbox 156 2913 373 3010; x_wconf 73' lang='lat' dir='ltr'>praesentium</span> <span class='ocrx_word' id='word_1_148' title='bbox 390 2915 538 3012; x_wconf 89' lang='lat' dir='ltr'>accepit,</span> <span class='ocrx_word' id='word_1_149' title='bbox 568 2941 608 2989; x_wconf 90' lang='lat' dir='ltr'>ac</span> <span class='ocrx_word' id='word_1_150' title='bbox 624 2914 689 2989; x_wconf 90' lang='lat' dir='ltr'>suis</span> <span class='ocrx_word' id='word_1_151' title='bbox 706 2915 882 2989; x_wconf 83' lang='lat' dir='ltr'>laboribus</span> <span class='ocrx_word' id='word_1_152' title='bbox 910 2913 1140 2988; x_wconf 68' lang='lat' dir='ltr'>desedionem</span> 
     </span>
     <span class='ocr_line' id='line_1_23' title="bbox 157 3033 1140 3135; baseline 0.004 -30"><span class='ocrx_word' id='word_1_153' title='bbox 157 3033 273 3106; x_wconf 80' lang='lat' dir='ltr'>fideris</span> <span class='ocrx_word' id='word_1_154' title='bbox 289 3035 511 3124; x_wconf 82' lang='lat' dir='ltr'>adsimulans,</span> <span class='ocrx_word' id='word_1_155' title='bbox 533 3033 759 3135; x_wconf 86' lang='lat' dir='ltr'>prospereque</span> <span class='ocrx_word' id='word_1_156' title='bbox 776 3037 905 3109; x_wconf 83' lang='lat' dir='ltr'>cessura</span> <span class='ocrx_word' id='word_1_157' title='bbox 921 3063 999 3135; x_wconf 82' lang='lat' dir='ltr'>quae</span> <span class='ocrx_word' id='word_1_158' title='bbox 1017 3062 1140 3135; x_wconf 90' lang='lat' dir='ltr'>perge-</span> 
     </span>
     <span class='ocr_line' id='line_1_24' title="bbox 155 3152 1139 3255; baseline 0.001 -26"><span class='ocrx_word' id='word_1_159' title='bbox 155 3175 247 3244; x_wconf 90' lang='lat' dir='ltr'>rent,</span> <span class='ocrx_word' id='word_1_160' title='bbox 260 3157 283 3226; x_wconf 88' lang='lat' dir='ltr'>sr</span> <span class='ocrx_word' id='word_1_161' title='bbox 294 3152 412 3251; x_wconf 86' lang='lat' dir='ltr'>fulgor</span> <span class='ocrx_word' id='word_1_162' title='bbox 425 3156 459 3226; x_wconf 78' lang='grc' dir='ltr'>δι</span> <span class='ocrx_word' id='word_1_163' title='bbox 471 3153 639 3230; x_wconf 84' lang='lat' dir='ltr'>claritudo</span> <span class='ocrx_word' id='word_1_164' title='bbox 649 3159 724 3232; x_wconf 86' lang='lat' dir='ltr'>deae</span> <span class='ocrx_word' id='word_1_165' title='bbox 738 3157 948 3231; x_wconf 85' lang='lat' dir='ltr'>redderetur.</span> <span class='ocrx_word' id='word_1_166' title='bbox 973 3157 1083 3255; x_wconf 89' lang='lat' dir='ltr'>Igitur</span> <span class='ocrx_word' id='word_1_167' title='bbox 1093 3184 1139 3230; x_wconf 82' lang='lat' dir='ltr'>ae-</span> 
     </span>
     <span class='ocr_line' id='line_1_25' title="bbox 155 3265 1172 3376; baseline -0.001 -28"><span class='ocrx_word' id='word_1_168' title='bbox 155 3275 200 3349; x_wconf 88' lang='lat' dir='ltr'>ris</span> <span class='ocrx_word' id='word_1_169' title='bbox 217 3272 498 3366; x_wconf 39' lang='lat' dir='ltr'>sono,„tubsrum</span> <span class='ocrx_word' id='word_1_170' title='bbox 521 3302 761 3376; x_wconf 89' lang='lat' dir='ltr'>cornuumque</span> <span class='ocrx_word' id='word_1_171' title='bbox 779 3300 950 3352; x_wconf 89' lang='lat' dir='ltr'>concentu</span> <span class='ocrx_word' id='word_1_172' title='bbox 966 3278 1115 3375; x_wconf 87' lang='lat' dir='ltr'>strepere</span> <span class='ocrx_word' id='word_1_173' title='bbox 1130 3307 1139 3351; x_wconf 72' lang='grc' dir='ltr'><strong><em>ε</em></strong></span> <span class='ocrx_word' id='word_1_174' title='bbox 1153 3265 1172 3347; x_wconf 51' lang='lat' dir='ltr'><em>ss</em></span> 
     </span>
     <span class='ocr_line' id='line_1_26' title="bbox 155 3395 1140 3494; baseline 0.006 -26"><span class='ocrx_word' id='word_1_175' title='bbox 155 3415 260 3494; x_wconf 93' lang='lat' dir='ltr'>prout</span> <span class='ocrx_word' id='word_1_176' title='bbox 293 3395 517 3494; x_wconf 88' lang='lat' dir='ltr'>splendidior,</span> <span class='ocrx_word' id='word_1_177' title='bbox 548 3397 783 3489; x_wconf 85' lang='lat' dir='ltr'>obscuriorve,</span> <span class='ocrx_word' id='word_1_178' title='bbox 815 3397 936 3486; x_wconf 84' lang='lat' dir='ltr'>laetari,</span> <span class='ocrx_word' id='word_1_179' title='bbox 970 3419 1029 3471; x_wconf 85' lang='lat' dir='ltr'>aut</span> <span class='ocrx_word' id='word_1_180' title='bbox 1056 3426 1140 3474; x_wconf 81' lang='lat' dir='ltr'>mae-</span> 
     </span>
     <span class='ocr_line' id='line_1_27' title="bbox 154 3517 1140 3616; baseline 0.008 -27"><span class='ocrx_word' id='word_1_181' title='bbox 154 3542 250 3590; x_wconf 92' lang='lat' dir='ltr'>rere:</span> <span class='ocrx_word' id='word_1_182' title='bbox 272 3517 506 3616; x_wconf 86' lang='lat' dir='ltr'>&amp;postquam</span> <span class='ocrx_word' id='word_1_183' title='bbox 533 3541 617 3594; x_wconf 86' lang='lat' dir='ltr'>ortae</span> <span class='ocrx_word' id='word_1_184' title='bbox 646 3524 756 3595; x_wconf 90' lang='lat' dir='ltr'>nubes</span> <span class='ocrx_word' id='word_1_185' title='bbox 773 3520 921 3599; x_wconf 72' lang='lat' dir='ltr'>offecere</span> <span class='ocrx_word' id='word_1_186' title='bbox 937 3517 1036 3612; x_wconf 85' lang='lat' dir='ltr'>visui,</span> <span class='ocrx_word' id='word_1_187' title='bbox 1067 3548 1140 3597; x_wconf 89' lang='lat' dir='ltr'>cre·</span> 
     </span>
     <span class='ocr_line' id='line_1_28' title="bbox 129 3636 1142 3737; baseline 0.003 -25"><span class='ocrx_word' id='word_1_188' title='bbox 129 3732 132 3735; x_wconf 10' lang='grc' dir='ltr'>ι</span> <span class='ocrx_word' id='word_1_189' title='bbox 153 3636 337 3737; x_wconf 79' lang='lat' dir='ltr'>dirumque</span> <span class='ocrx_word' id='word_1_190' title='bbox 362 3640 539 3715; x_wconf 85' lang='lat' dir='ltr'>conditam</span> <span class='ocrx_word' id='word_1_191' title='bbox 568 3642 743 3728; x_wconf 89' lang='lat' dir='ltr'>tenebris;</span> <span class='ocrx_word' id='word_1_192' title='bbox 761 3660 799 3715; x_wconf 91' lang='lat' dir='ltr'>ut</span> <span class='ocrx_word' id='word_1_193' title='bbox 827 3639 904 3714; x_wconf 90' lang='lat' dir='ltr'>sunt</span> <span class='ocrx_word' id='word_1_194' title='bbox 933 3642 1081 3717; x_wconf 88' lang='lat' dir='ltr'>mobiles</span> <span class='ocrx_word' id='word_1_195' title='bbox 1097 3645 1142 3717; x_wconf 86' lang='lat' dir='ltr'>ad</span> 
     </span>
    </p>
   </div>
   <div class='ocr_carea' id='block_1_3' title="bbox 153 3756 1140 3869">
    <p class='ocr_par' dir='ltr' id='par_1_6' title="bbox 153 3756 1140 3869">
     <span class='ocr_line' id='line_1_29' title="bbox 153 3756 1140 3869; baseline 0.002 -37"><span class='ocrx_word' id='word_1_196' title='bbox 153 3756 423 3869; x_wconf 85' lang='lat' dir='ltr'>superstitionem</span> <span class='ocrx_word' id='word_1_197' title='bbox 442 3760 604 3860; x_wconf 85' lang='lat' dir='ltr'>perculsae</span> <span class='ocrx_word' id='word_1_198' title='bbox 620 3760 724 3838; x_wconf 92' lang='lat' dir='ltr'>semel</span> <span class='ocrx_word' id='word_1_199' title='bbox 751 3782 899 3854; x_wconf 90' lang='lat' dir='ltr'>mentes,</span> <span class='ocrx_word' id='word_1_200' title='bbox 916 3770 946 3806; x_wconf 93' lang='lat'><strong>“</strong></span> <span class='ocrx_word' id='word_1_201' title='bbox 965 3763 1026 3836; x_wconf 85' lang='lat' dir='ltr'>fibi</span> <span class='ocrx_word' id='word_1_202' title='bbox 1043 3784 1140 3836; x_wconf 83' lang='lat' dir='ltr'>aeter·</span> 
     </span>
    </p>
   </div>
   <div class='ocr_carea' id='block_1_4' title="bbox 0 0 1392 4724">
    <p class='ocr_par' dir='ltr' id='par_1_7' title="bbox 0 0 1392 4724">
     <span class='ocr_line' id='line_1_30' title="bbox 0 0 1392 4724; baseline 0 0"><span class='ocrx_word' id='word_1_203' title='bbox 0 0 1392 4724; x_wconf 95' lang='lat' dir='ltr'> </span> 
     </span>
    </p>
   </div>
  </div>
 </body>
</html>
