2760 4718
350 326 658 440 Auximum
692 365 803 439 Lrn.
838 366 898 441 Vl.
1072 395 1142 470 293

168 563 170 569 ’
212 538 347 613 XXIV.
373 543 486 639 Qun
505 545 538 614 δι
558 539 714 613 inveslus
731 536 767 610 in
785 537 1003 627 defundum,
1018 543 1046 580 “
1060 538 1143 635 plo·
1204 583 1207 591 «

166 663 195 701 “
213 661 274 732 bra
290 658 457 758 corporis,
476 659 691 746 exitiabilem
710 659 746 731 in
763 656 855 748 suos,
880 655 1052 730 insensum
1076 657 1141 730 rei·

161 785 190 821 “
207 779 359 876 publicae
377 780 559 854 animum”
581 778 731 878 objecit:
758 777 1002 874 “recitarique
1031 774 1141 851 fasio-

161 905 190 942 “
207 926 286 973 rum
302 900 547 1000 dislorumque
565 899 636 999 ejus
654 898 823 996 descripta
839 923 900 995 per
916 897 1015 971 dies''
1025 896 1139 996 juffit:

159 1045 232 1117 quo
261 1047 335 1094 non
362 1021 458 1094 aliud
485 1021 638 1093 atrocius
655 1018 793 1092 visum:
818 1017 977 1091 adstitisse
1005 1037 1057 1091 tot
1082 1044 1143 1116 per

158 1165 282 1231 annos,
296 1141 357 1238 qui
374 1142 511 1214 vultum
516 1197 527 1230 ,
547 1139 711 1238 gemitus,
729 1139 908 1211 occultum
924 1137 1029 1211 etiam
1046 1164 1142 1211 mur·

160 1285 241 1332 mur
256 1260 469 1358 exciperent,
494 1265 528 1334 &
557 1259 703 1357 potuisse
720 1285 829 1333 avum
845 1258 978 1349 audire,
1012 1260 1140 1357 legere,

159 1377 197 1451 in
216 1380 399 1477 publicum
417 1406 590 1478 promere,
621 1380 683 1453 vix
700 1380 810 1465 sides3
848 1378 908 1453 nisi
927 1379 1023 1478 qudd
1042 1380 1137 1453 Aelii

160 1500 384 1591 centurionis,
415 1508 449 1575 δι
468 1500 615 1598 Didymi
633 1499 745 1573 liberti
763 1499 932 1598 epistolae,
962 1498 1141 1575 servorum

65 1672 69 1679 ‚
159 1618 304 1694 nomina
338 1620 582 1720 praeferebant,
606 1642 646 1693 ut
671 1620 749 1719 quis
780 1621 1015 1721 egredientem
1040 1620 1140 1696 cubi-

159 1743 242 1814 culo
260 1741 414 1816 Drusum
439 1742 644 1840 pulsauerat,
672 1762 889 1817 extenuemt.
942 1741 1059 1816 Etiam
1081 1740 1140 1815 sua

159 1865 267 1937 verba
283 1862 452 1954 centurio,
486 1846 621 1936 saevitiae
641 1863 758 1959 plena,
787 1884 969 1960 tamquam
1003 1862 1139 1961 egregi-

159 2009 237 2075 um,
268 1982 440 2084 vocesque
467 1982 659 2058 deficientis
693 1981 876 2081 adjecerat,
915 1985 994 2081 quls
1025 1981 1139 2079 primd

158 2105 402 2179 alienationem
421 2105 544 2179 mentis
563 2106 738 2194 simulans,
758 2108 852 2200 quast
882 2130 943 2202 per
967 2103 1140 2178 dementi·

156 2251 228 2317 am,
258 2225 392 2303 funesta
408 2226 570 2317 Tiberi0,
605 2252 692 2299 mox
716 2225 779 2299 ubi
805 2224 925 2322 exspes
947 2224 1031 2299 vitae
1056 2224 1137 2316 suit,

135 2428 137 2437 ¹
155 2347 351 2438 meditatas,
366 2344 642 2443 compositasque
657 2345 746 2418 diras
762 2344 1038 2442 imprecabatur:
1060 2354 1138 2420 “ut

157 2466 510 2563 “quemadmodum
539 2491 681 2557 nurum,
716 2465 901 2565 filiumque
929 2464 1054 2556 fratris,
1103 2472 1138 2542 ὅτ

158 2594 186 2629 “
204 2606 364 2682 nepotes,
389 2585 608 2683 domumque
636 2612 780 2660 omnem
810 2586 964 2687 caedibus
981 2588 1137 2685 comple·

157 2713 185 2750 “
204 2707 302 2779 visset
316 2735 327 2792 ;
356 2705 403 2779 ita
430 2732 552 2803 poenas
569 2706 704 2780 nomini
734 2706 923 2805 generique
952 2705 1136 2806 majorum,

157 2833 184 2878 “
204 2831 238 2901 dr
258 2825 399 2924 posteris
415 2827 899 2902 exsolveret.²'Obtutbabant
916 2827 1060 2925 quidem
1072 2856 1135 2928 pa-

122 3042 124 3046 ,
155 2969 237 3038 tres,
266 2947 379 3046 specie
399 2948 615 3022 detestandi:
643 2948 702 3021 sed
730 2950 933 3046 penetrabat
951 2975 1072 3045 pavor,
1101 2955 1136 3024 dc

155 3065 354 3159 admiratio,
386 3068 553 3142 callidum
587 3068 671 3141 olim
702 3074 736 3142 a
765 3068 923 3168 tegendis
955 3068 1136 3144 sceleribus

155 3187 357 3280 obscurum,
376 3191 445 3263 huc
462 3189 685 3263 confidentiae
704 3189 847 3280 venisse,
870 3211 923 3279 ut,
951 3208 1135 3288 tamquam

63 3387 67 3389 Α
154 3300 306 3384 demotis
334 3311 536 3409 parietibuS,
571 3309 764 3384 ostenderet
794 3333 961 3408 nepotem
977 3308 1040 3383 sub
1057 3339 1135 3385 xer-

153 3434 235 3507 bere
263 3432 487 3521 centurionis,
525 3427 613 3505 int'e‘r
637 3430 816 3504 servorum
845 3429 948 3521 isius,
983 3452 1136 3506 extrema

154 3550 235 3624 vitae
260 3550 424 3625 alimenta
448 3551 573 3625 frustra
597 3573 768 3624 orantem.

142 3720 147 3727 ι
203 3673 322 3745 XXV.
347 3674 529 3746 Nouuunr
561 3672 588 3746 is
615 3673 716 3743 dolor
741 3674 954 3763 exoleverat,
984 3674 1066 3748 cirm
1088 3677 1134 3748 de

154 3791 352 3891 Agrippinas
370 3793 543 3885 auditum,
568 3818 691 3894 quam,
716 3790 896 3872 interfeslo
913 3792 1049 3894 Sejano,
1075 3793 1134 3894 spo
