<?xml version="1.0" encoding="UTF-8"?>
<!DOCTYPE html PUBLIC "-//W3C//DTD XHTML 1.0 Transitional//EN"
    "http://www.w3.org/TR/xhtml1/DTD/xhtml1-transitional.dtd">
<html xmlns="http://www.w3.org/1999/xhtml" xml:lang="en" lang="en">
 <head>
  <title>
</title>
<meta http-equiv="Content-Type" content="text/html;charset=utf-8" />
  <meta name='ocr-system' content='tesseract 3.04.00' />
  <meta name='ocr-capabilities' content='ocr_page ocr_carea ocr_par ocr_line ocrx_word'/>
</head>
<body>
  <div class='ocr_page' id='page_1' title='image "./ccorneliitaciti00freigoog_0095.png"; bbox 0 0 2602 4716; ppageno 0'>
   <div class='ocr_carea' id='block_1_1' title="bbox 155 306 920 403">
    <p class='ocr_par' dir='ltr' id='par_1_1' title="bbox 155 306 920 403">
     <span class='ocr_line' id='line_1_1' title="bbox 155 306 920 403; baseline 0.017 -33"><span class='ocrx_word' id='word_1_1' title='bbox 155 333 211 403; x_wconf 73' lang='lat'>-44</span> <span class='ocrx_word' id='word_1_2' title='bbox 398 306 920 383; x_wconf 73' lang='lat' dir='ltr'>C.Coauar11TAcrrr</span> 
     </span>
    </p>
   </div>
   <div class='ocr_carea' id='block_1_2' title="bbox 59 480 1207 3854">
    <p class='ocr_par' dir='ltr' id='par_1_2' title="bbox 59 480 1207 3854">
     <span class='ocr_line' id='line_1_2' title="bbox 158 480 1144 583; baseline -0.002 -27"><span class='ocrx_word' id='word_1_3' title='bbox 158 497 363 583; x_wconf 91' lang='lat' dir='ltr'>perruptum</span> <span class='ocrx_word' id='word_1_4' title='bbox 392 480 530 555; x_wconf 91' lang='lat' dir='ltr'>hostem</span> <span class='ocrx_word' id='word_1_5' title='bbox 563 480 726 583; x_wconf 86' lang='lat' dir='ltr'>redigunt</span> <span class='ocrx_word' id='word_1_6' title='bbox 747 483 784 558; x_wconf 92' lang='lat' dir='ltr'>in</span> <span class='ocrx_word' id='word_1_7' title='bbox 812 502 943 582; x_wconf 86' lang='lat' dir='ltr'>aperta,</span> <span class='ocrx_word' id='word_1_8' title='bbox 983 489 1144 569; x_wconf 77' lang='lat' dir='ltr'>cadunt.</span> 
     </span>
     <span class='ocr_line' id='line_1_3' title="bbox 159 602 1143 704; baseline 0.011 -27"><span class='ocrx_word' id='word_1_9' title='bbox 159 629 253 702; x_wconf 89' lang='lat' dir='ltr'>que:</span> <span class='ocrx_word' id='word_1_10' title='bbox 285 603 388 674; x_wconf 79' lang='lat' dir='ltr'>simul</span> <span class='ocrx_word' id='word_1_11' title='bbox 423 602 529 700; x_wconf 88' lang='lat' dir='ltr'>primi</span> <span class='ocrx_word' id='word_1_12' title='bbox 563 604 713 704; x_wconf 84' lang='lat' dir='ltr'>agminis</span> <span class='ocrx_word' id='word_1_13' title='bbox 730 605 838 704; x_wconf 86' lang='lat' dir='ltr'>copiae</span> <span class='ocrx_word' id='word_1_14' title='bbox 861 605 997 681; x_wconf 63' lang='lat' dir='ltr'>evasere</span> <span class='ocrx_word' id='word_1_15' title='bbox 1027 612 1143 704; x_wconf 81' lang='lat' dir='ltr'>filvas,</span> 
     </span>
     <span class='ocr_line' id='line_1_4' title="bbox 155 724 1139 827; baseline 0.006 -27"><span class='ocrx_word' id='word_1_16' title='bbox 155 725 332 821; x_wconf 83' lang='lat' dir='ltr'>castraque</span> <span class='ocrx_word' id='word_1_17' title='bbox 365 724 644 812; x_wconf 71' lang='lat' dir='ltr'>communivere.</span> <span class='ocrx_word' id='word_1_18' title='bbox 710 727 880 827; x_wconf 81' lang='lat' dir='ltr'>Qrietum</span> <span class='ocrx_word' id='word_1_19' title='bbox 918 728 1000 802; x_wconf 91' lang='lat' dir='ltr'>inde</span> <span class='ocrx_word' id='word_1_20' title='bbox 1047 731 1139 807; x_wconf 86' lang='lat' dir='ltr'>iter:</span> 
     </span>
     <span class='ocr_line' id='line_1_5' title="bbox 93 844 1141 947; baseline 0.009 -28"><span class='ocrx_word' id='word_1_21' title='bbox 93 872 94 875; x_wconf 45' lang='lat'>¹</span> <span class='ocrx_word' id='word_1_22' title='bbox 153 844 337 942; x_wconf 88' lang='lat' dir='ltr'>fidensque</span> <span class='ocrx_word' id='word_1_23' title='bbox 363 846 576 939; x_wconf 83' lang='lat' dir='ltr'>recentibus,</span> <span class='ocrx_word' id='word_1_24' title='bbox 606 873 647 922; x_wconf 90' lang='lat' dir='ltr'>ac</span> <span class='ocrx_word' id='word_1_25' title='bbox 676 847 829 947; x_wconf 88' lang='lat' dir='ltr'>priorum</span> <span class='ocrx_word' id='word_1_26' title='bbox 861 850 992 924; x_wconf 89' lang='lat' dir='ltr'>oblitus</span> <span class='ocrx_word' id='word_1_27' title='bbox 1025 851 1141 944; x_wconf 84' lang='lat' dir='ltr'>miles,</span> 
     </span>
     <span class='ocr_line' id='line_1_6' title="bbox 158 966 531 1041; baseline 0 0"><span class='ocrx_word' id='word_1_28' title='bbox 158 968 195 1041; x_wconf 89' lang='lat' dir='ltr'>in</span> <span class='ocrx_word' id='word_1_29' title='bbox 218 966 371 1040; x_wconf 91' lang='lat' dir='ltr'>hibernis</span> <span class='ocrx_word' id='word_1_30' title='bbox 388 969 531 1041; x_wconf 87' lang='lat' dir='ltr'>locatur.</span> 
     </span>
     <span class='ocr_line' id='line_1_7' title="bbox 198 1090 1144 1194; baseline 0.007 -31"><span class='ocrx_word' id='word_1_31' title='bbox 198 1090 290 1163; x_wconf 90' lang='lat' dir='ltr'><strong>LII.</strong></span> <span class='ocrx_word' id='word_1_32' title='bbox 316 1091 544 1164; x_wconf 76' lang='lat' dir='ltr'>Nuurtnrn</span> <span class='ocrx_word' id='word_1_33' title='bbox 572 1116 612 1164; x_wconf 88' lang='lat' dir='ltr'>ea</span> <span class='ocrx_word' id='word_1_34' title='bbox 639 1090 821 1164; x_wconf 85' lang='lat' dir='ltr'>Tiberium</span> <span class='ocrx_word' id='word_1_35' title='bbox 841 1090 959 1166; x_wconf 66' lang='lat' dir='ltr'>laetitia</span> <span class='ocrx_word' id='word_1_36' title='bbox 988 1097 1144 1194; x_wconf 74' lang='lat' dir='ltr'>curdque</span> 
     </span>
     <span class='ocr_line' id='line_1_8' title="bbox 118 1207 1139 1310; baseline 0.007 -26"><span class='ocrx_word' id='word_1_37' title='bbox 118 1270 121 1284; x_wconf 86' lang='lat'>.</span> <span class='ocrx_word' id='word_1_38' title='bbox 157 1207 341 1282; x_wconf 68' lang='lat' dir='ltr'>adfecere:</span> <span class='ocrx_word' id='word_1_39' title='bbox 373 1213 549 1309; x_wconf 83' lang='lat' dir='ltr'>gaudebat</span> <span class='ocrx_word' id='word_1_40' title='bbox 577 1215 773 1310; x_wconf 78' lang='lat' dir='ltr'>oppressam</span> <span class='ocrx_word' id='word_1_41' title='bbox 804 1210 1035 1302; x_wconf 69' lang='lat' dir='ltr'>seditionem</span> <span class='ocrx_word' id='word_1_42' title='bbox 1064 1215 1139 1309; x_wconf 91' lang='lat' dir='ltr'>sed,</span> 
     </span>
     <span class='ocr_line' id='line_1_9' title="bbox 155 1311 1144 1431; baseline 0.011 -29"><span class='ocrx_word' id='word_1_43' title='bbox 155 1311 258 1428; x_wconf 76' lang='lat' dir='ltr'>quod</span> <span class='ocrx_word' id='word_1_44' title='bbox 285 1330 474 1429; x_wconf 82' lang='lat' dir='ltr'>largiendis</span> <span class='ocrx_word' id='word_1_45' title='bbox 501 1333 672 1431; x_wconf 90' lang='lat' dir='ltr'>pecuniis,</span> <span class='ocrx_word' id='word_1_46' title='bbox 715 1338 748 1407; x_wconf 76' lang='grc' dir='ltr'>δι</span> <span class='ocrx_word' id='word_1_47' title='bbox 792 1333 948 1408; x_wconf 78' lang='lat' dir='ltr'>missione</span> <span class='ocrx_word' id='word_1_48' title='bbox 987 1336 1144 1414; x_wconf 73' lang='lat' dir='ltr'>festinatb</span> 
     </span>
     <span class='ocr_line' id='line_1_10' title="bbox 158 1452 1144 1556; baseline 0.006 -28"><span class='ocrx_word' id='word_1_49' title='bbox 158 1452 315 1528; x_wconf 84' lang='lat' dir='ltr'>savorem</span> <span class='ocrx_word' id='word_1_50' title='bbox 361 1453 515 1529; x_wconf 89' lang='lat' dir='ltr'>militum</span> <span class='ocrx_word' id='word_1_51' title='bbox 555 1455 775 1552; x_wconf 80' lang='lat' dir='ltr'>quaesivisset,</span> <span class='ocrx_word' id='word_1_52' title='bbox 827 1454 952 1528; x_wconf 67' lang='lat' dir='ltr'>bellica</span> <span class='ocrx_word' id='word_1_53' title='bbox 997 1482 1144 1556; x_wconf 90' lang='lat' dir='ltr'>quoque</span> 
     </span>
     <span class='ocr_line' id='line_1_11' title="bbox 158 1574 1140 1674; baseline 0.007 -27"><span class='ocrx_word' id='word_1_54' title='bbox 158 1574 362 1648; x_wconf 82' lang='lat' dir='ltr'><strong>Germanici</strong></span> <span class='ocrx_word' id='word_1_55' title='bbox 391 1574 514 1674; x_wconf 64' lang='lat' dir='ltr'>gloria,</span> <span class='ocrx_word' id='word_1_56' title='bbox 547 1579 752 1674; x_wconf 83' lang='lat' dir='ltr'>angebatur.</span> <span class='ocrx_word' id='word_1_57' title='bbox 802 1575 942 1650; x_wconf 87' lang='lat' dir='ltr'>Retulit</span> <span class='ocrx_word' id='word_1_58' title='bbox 957 1596 1075 1652; x_wconf 91' lang='lat' dir='ltr'>tamen</span> <span class='ocrx_word' id='word_1_59' title='bbox 1093 1581 1140 1654; x_wconf 89' lang='lat' dir='ltr'>ad</span> 
     </span>
     <span class='ocr_line' id='line_1_12' title="bbox 158 1693 1142 1800; baseline 0.008 -31"><span class='ocrx_word' id='word_1_60' title='bbox 158 1693 316 1769; x_wconf 92' lang='lat' dir='ltr'>senatum</span> <span class='ocrx_word' id='word_1_61' title='bbox 335 1697 379 1769; x_wconf 93' lang='lat' dir='ltr'>de</span> <span class='ocrx_word' id='word_1_62' title='bbox 395 1699 496 1768; x_wconf 85' lang='lat' dir='ltr'>rebus</span> <span class='ocrx_word' id='word_1_63' title='bbox 514 1697 631 1795; x_wconf 85' lang='lat' dir='ltr'>gestis,</span> <span class='ocrx_word' id='word_1_64' title='bbox 663 1700 846 1795; x_wconf 90' lang='lat' dir='ltr'>multaque</span> <span class='ocrx_word' id='word_1_65' title='bbox 863 1699 908 1772; x_wconf 94' lang='lat' dir='ltr'>de</span> <span class='ocrx_word' id='word_1_66' title='bbox 925 1697 1054 1773; x_wconf 89' lang='lat' dir='ltr'>virtute</span> <span class='ocrx_word' id='word_1_67' title='bbox 1070 1699 1142 1800; x_wconf 84' lang='lat' dir='ltr'>ejus</span> 
     </span>
     <span class='ocr_line' id='line_1_13' title="bbox 156 1808 1138 1915; baseline 0.007 -27"><span class='ocrx_word' id='word_1_68' title='bbox 156 1815 382 1905; x_wconf 90' lang='lat' dir='ltr'>memoravit,</span> <span class='ocrx_word' id='word_1_69' title='bbox 411 1815 524 1913; x_wconf 86' lang='lat' dir='ltr'>magis</span> <span class='ocrx_word' id='word_1_70' title='bbox 553 1808 769 1913; x_wconf 87' lang='lat' dir='ltr'>inspeciem</span> <span class='ocrx_word' id='word_1_71' title='bbox 814 1818 929 1892; x_wconf 85' lang='lat' dir='ltr'>verbis</span> <span class='ocrx_word' id='word_1_72' title='bbox 957 1822 1138 1915; x_wconf 88' lang='lat' dir='ltr'>adornata,</span> 
     </span>
     <span class='ocr_line' id='line_1_14' title="bbox 136 1932 1142 2031; baseline 0.011 -26"><span class='ocrx_word' id='word_1_73' title='bbox 136 2004 139 2015; x_wconf 90' lang='grc'><em>,</em></span> <span class='ocrx_word' id='word_1_74' title='bbox 157 1935 267 2030; x_wconf 76' lang='lat' dir='ltr'>quam</span> <span class='ocrx_word' id='word_1_75' title='bbox 301 1953 341 2006; x_wconf 91' lang='lat' dir='ltr'>ut</span> <span class='ocrx_word' id='word_1_76' title='bbox 357 1934 495 2031; x_wconf 84' lang='lat' dir='ltr'>penitus</span> <span class='ocrx_word' id='word_1_77' title='bbox 510 1932 633 2006; x_wconf 91' lang='lat' dir='ltr'>sentire</span> <span class='ocrx_word' id='word_1_78' title='bbox 651 1936 855 2008; x_wconf 90' lang='lat' dir='ltr'>crederetur.</span> <span class='ocrx_word' id='word_1_79' title='bbox 910 1940 1142 2020; x_wconf 86' lang='lat' dir='ltr'>Paucioribus</span> 
     </span>
     <span class='ocr_line' id='line_1_15' title="bbox 117 2050 1141 2148; baseline 0.006 -20"><span class='ocrx_word' id='word_1_80' title='bbox 117 2087 119 2094; x_wconf 46' lang='lat'>‘</span> <span class='ocrx_word' id='word_1_81' title='bbox 156 2050 324 2142; x_wconf 85' lang='lat' dir='ltr'>Drusum,</span> <span class='ocrx_word' id='word_1_82' title='bbox 356 2057 391 2125; x_wconf 75' lang='grc' dir='ltr'>δι</span> <span class='ocrx_word' id='word_1_83' title='bbox 425 2054 533 2126; x_wconf 87' lang='lat' dir='ltr'>finem</span> <span class='ocrx_word' id='word_1_84' title='bbox 563 2053 694 2148; x_wconf 90' lang='lat' dir='ltr'>lllyrici</span> <span class='ocrx_word' id='word_1_85' title='bbox 720 2056 838 2126; x_wconf 78' lang='lat' dir='ltr'>motlts</span> <span class='ocrx_word' id='word_1_86' title='bbox 867 2056 1051 2143; x_wconf 85' lang='lat' dir='ltr'>laudavit3</span> <span class='ocrx_word' id='word_1_87' title='bbox 1079 2059 1141 2135; x_wconf 89' lang='lat' dir='ltr'>sed</span> 
     </span>
     <span class='ocr_line' id='line_1_16' title="bbox 154 2171 1137 2271; baseline 0.005 -23"><span class='ocrx_word' id='word_1_88' title='bbox 154 2172 335 2263; x_wconf 87' lang='lat' dir='ltr'>intentior,</span> <span class='ocrx_word' id='word_1_89' title='bbox 370 2176 404 2246; x_wconf 75' lang='grc' dir='ltr'>δι</span> <span class='ocrx_word' id='word_1_90' title='bbox 422 2174 493 2247; x_wconf 72' lang='lat' dir='ltr'>fida</span> <span class='ocrx_word' id='word_1_91' title='bbox 505 2171 683 2246; x_wconf 88' lang='lat' dir='ltr'>oratione:</span> <span class='ocrx_word' id='word_1_92' title='bbox 715 2173 915 2270; x_wconf 75' lang='lat' dir='ltr'>cunctaque</span> <span class='ocrx_word' id='word_1_93' title='bbox 944 2201 1024 2271; x_wconf 86' lang='lat' dir='ltr'>quae</span> <span class='ocrx_word' id='word_1_94' title='bbox 1048 2180 1137 2252; x_wconf 89' lang='lat' dir='ltr'>Ger-</span> 
     </span>
     <span class='ocr_line' id='line_1_17' title="bbox 69 2291 1207 2395; baseline 0.004 -24"><span class='ocrx_word' id='word_1_95' title='bbox 69 2317 72 2329; x_wconf 85' lang='grc'><em>’</em></span> <span class='ocrx_word' id='word_1_96' title='bbox 155 2294 315 2372; x_wconf 87' lang='lat' dir='ltr'>manicus</span> <span class='ocrx_word' id='word_1_97' title='bbox 341 2291 541 2385; x_wconf 83' lang='lat' dir='ltr'>indulserat,</span> <span class='ocrx_word' id='word_1_98' title='bbox 564 2292 724 2385; x_wconf 87' lang='lat' dir='ltr'>servavit,</span> <span class='ocrx_word' id='word_1_99' title='bbox 757 2292 863 2370; x_wconf 89' lang='lat' dir='ltr'>etiam</span> <span class='ocrx_word' id='word_1_100' title='bbox 881 2296 978 2395; x_wconf 90' lang='lat' dir='ltr'>apud</span> <span class='ocrx_word' id='word_1_101' title='bbox 995 2299 1136 2374; x_wconf 88' lang='lat' dir='ltr'>Panno·</span> <span class='ocrx_word' id='word_1_102' title='bbox 1206 2351 1207 2357; x_wconf 22' lang='grc' dir='ltr'><strong><em>κ</em></strong></span> 
     </span>
     <span class='ocr_line' id='line_1_18' title="bbox 156 2414 465 2493; baseline -0.01 -1"><span class='ocrx_word' id='word_1_103' title='bbox 156 2417 255 2493; x_wconf 91' lang='lat' dir='ltr'>nicos</span> <span class='ocrx_word' id='word_1_104' title='bbox 282 2414 465 2492; x_wconf 84' lang='lat' dir='ltr'>exercitus.</span> 
     </span>
     <span class='ocr_line' id='line_1_19' title="bbox 154 2535 1136 2635; baseline 0.007 -23"><span class='ocrx_word' id='word_1_105' title='bbox 154 2596 157 2602; x_wconf 44' lang='lat'><strong><em>&gt;</em></strong></span> <span class='ocrx_word' id='word_1_106' title='bbox 213 2541 312 2613; x_wconf 91' lang='lat' dir='ltr'>LIII.</span> <span class='ocrx_word' id='word_1_107' title='bbox 353 2542 499 2624; x_wconf 72' lang='lat' dir='ltr'>Enoria</span> <span class='ocrx_word' id='word_1_108' title='bbox 524 2563 631 2626; x_wconf 85' lang='lat' dir='ltr'>anno,</span> <span class='ocrx_word' id='word_1_109' title='bbox 671 2538 766 2634; x_wconf 89' lang='lat' dir='ltr'>Julia</span> <span class='ocrx_word' id='word_1_110' title='bbox 807 2535 1009 2635; x_wconf 87' lang='lat' dir='ltr'>supremum</span> <span class='ocrx_word' id='word_1_111' title='bbox 1037 2542 1136 2620; x_wconf 89' lang='lat' dir='ltr'>diem</span> 
     </span>
     <span class='ocr_line' id='line_1_20' title="bbox 153 2658 1136 2768; baseline -0.001 -32"><span class='ocrx_word' id='word_1_112' title='bbox 153 2662 257 2751; x_wconf 89' lang='lat' dir='ltr'>obiit,</span> <span class='ocrx_word' id='word_1_113' title='bbox 299 2663 347 2735; x_wconf 89' lang='lat' dir='ltr'>ob</span> <span class='ocrx_word' id='word_1_114' title='bbox 373 2658 633 2758; x_wconf 81' lang='lat' dir='ltr'>impudicitiam</span> <span class='ocrx_word' id='word_1_115' title='bbox 659 2658 745 2732; x_wconf 93' lang='lat' dir='ltr'>olim</span> <span class='ocrx_word' id='word_1_116' title='bbox 779 2685 803 2768; x_wconf 79' lang='lat' dir='ltr'>a</span> <span class='ocrx_word' id='word_1_117' title='bbox 847 2679 944 2757; x_wconf 87' lang='lat' dir='ltr'>patre</span> <span class='ocrx_word' id='word_1_118' title='bbox 970 2664 1136 2762; x_wconf 84' lang='lat' dir='ltr'>Augusto</span> 
     </span>
     <span class='ocr_line' id='line_1_21' title="bbox 59 2779 1138 2882; baseline 0.003 -23"><span class='ocrx_word' id='word_1_119' title='bbox 59 2849 75 2870; x_wconf 69' lang='grc'>,</span> <span class='ocrx_word' id='word_1_120' title='bbox 155 2781 363 2861; x_wconf 65' lang='lat' dir='ltr'>Pandataria</span> <span class='ocrx_word' id='word_1_121' title='bbox 379 2780 501 2871; x_wconf 75' lang='lat' dir='ltr'>insula,</span> <span class='ocrx_word' id='word_1_122' title='bbox 528 2805 615 2854; x_wconf 84' lang='lat' dir='ltr'>mox</span> <span class='ocrx_word' id='word_1_123' title='bbox 632 2779 766 2878; x_wconf 92' lang='lat' dir='ltr'>oppido</span> <span class='ocrx_word' id='word_1_124' title='bbox 788 2779 1051 2878; x_wconf 89' lang='lat' dir='ltr'>Rheginorum,</span> <span class='ocrx_word' id='word_1_125' title='bbox 1075 2785 1138 2882; x_wconf 92' lang='lat' dir='ltr'>qui</span> 
     </span>
     <span class='ocr_line' id='line_1_22' title="bbox 137 2886 1158 3001; baseline 0.002 -24"><span class='ocrx_word' id='word_1_126' title='bbox 137 2905 312 3001; x_wconf 65' lang='lat' dir='ltr'>xSiculum</span> <span class='ocrx_word' id='word_1_127' title='bbox 330 2886 463 2978; x_wconf 46' lang='lat' dir='ltr'>fretum⁴</span> <span class='ocrx_word' id='word_1_128' title='bbox 474 2904 652 2993; x_wconf 78' lang='lat' dir='ltr'>accolunt,</span> <span class='ocrx_word' id='word_1_129' title='bbox 671 2901 798 2976; x_wconf 86' lang='lat' dir='ltr'>clausa.</span> <span class='ocrx_word' id='word_1_130' title='bbox 847 2903 976 2978; x_wconf 85' lang='lat' dir='ltr'>Fuerat</span> <span class='ocrx_word' id='word_1_131' title='bbox 999 2903 1036 2977; x_wconf 90' lang='lat' dir='ltr'>in</span> <span class='ocrx_word' id='word_1_132' title='bbox 1059 2916 1158 2980; x_wconf 79' lang='lat' dir='ltr'>ma·&#39;</span> 
     </span>
     <span class='ocr_line' id='line_1_23' title="bbox 138 3021 1137 3129; baseline 0.001 -28"><span class='ocrx_word' id='word_1_133' title='bbox 138 3021 321 3101; x_wconf 37' lang='lat' dir='ltr'>&#39;strimonio</span> <span class='ocrx_word' id='word_1_134' title='bbox 335 3025 486 3114; x_wconf 87' lang='lat' dir='ltr'>Tiberii,</span> <span class='ocrx_word' id='word_1_135' title='bbox 509 3023 712 3100; x_wconf 88' lang='lat' dir='ltr'>florentibus</span> <span class='ocrx_word' id='word_1_136' title='bbox 732 3022 820 3096; x_wconf 92' lang='lat' dir='ltr'>Caio</span> <span class='ocrx_word' id='word_1_137' title='bbox 850 3026 885 3129; x_wconf 20' lang='lat'>¹&amp;</span> <span class='ocrx_word' id='word_1_138' title='bbox 912 3025 1032 3102; x_wconf 90' lang='lat' dir='ltr'>Lucio</span> <span class='ocrx_word' id='word_1_139' title='bbox 1058 3030 1137 3104; x_wconf 85' lang='lat' dir='ltr'>Cae·</span> 
     </span>
     <span class='ocr_line' id='line_1_24' title="bbox 155 3134 1137 3244; baseline 0.002 -23"><span class='ocrx_word' id='word_1_140' title='bbox 155 3148 298 3239; x_wconf 90' lang='lat' dir='ltr'>saribus,</span> <span class='ocrx_word' id='word_1_141' title='bbox 326 3146 569 3244; x_wconf 66' lang='lat' dir='ltr'>spreveratque</span> <span class='ocrx_word' id='word_1_142' title='bbox 584 3166 624 3218; x_wconf 95' lang='lat' dir='ltr'>ut</span> <span class='ocrx_word' id='word_1_143' title='bbox 641 3134 836 3242; x_wconf 86' lang='lat' dir='ltr'>imparem:</span> <span class='ocrx_word' id='word_1_144' title='bbox 873 3171 938 3219; x_wconf 90' lang='lat' dir='ltr'>nec</span> <span class='ocrx_word' id='word_1_145' title='bbox 967 3147 1035 3220; x_wconf 90' lang='lat' dir='ltr'>alia</span> <span class='ocrx_word' id='word_1_146' title='bbox 1063 3168 1137 3224; x_wconf 89' lang='lat' dir='ltr'>tam</span> 
     </span>
     <span class='ocr_line' id='line_1_25' title="bbox 155 3264 1134 3357; baseline 0.003 -14"><span class='ocrx_word' id='word_1_147' title='bbox 155 3270 281 3344; x_wconf 92' lang='lat' dir='ltr'>intima</span> <span class='ocrx_word' id='word_1_148' title='bbox 296 3268 441 3344; x_wconf 90' lang='lat' dir='ltr'>Tiberio</span> <span class='ocrx_word' id='word_1_149' title='bbox 467 3264 580 3357; x_wconf 90' lang='lat' dir='ltr'>causa,</span> <span class='ocrx_word' id='word_1_150' title='bbox 616 3292 679 3340; x_wconf 89' lang='lat' dir='ltr'>cur</span> <span class='ocrx_word' id='word_1_151' title='bbox 707 3268 881 3341; x_wconf 91' lang='lat' dir='ltr'>Rhodum</span> <span class='ocrx_word' id='word_1_152' title='bbox 910 3267 1134 3349; x_wconf 83' lang='lat' dir='ltr'>abscederet:</span> 
     </span>
     <span class='ocr_line' id='line_1_26' title="bbox 154 3378 1137 3488; baseline 0.001 -24"><span class='ocrx_word' id='word_1_153' title='bbox 154 3390 343 3488; x_wconf 90' lang='lat' dir='ltr'>imperium</span> <span class='ocrx_word' id='word_1_154' title='bbox 369 3378 531 3487; x_wconf 75' lang='lat' dir='ltr'>adeptus,</span> <span class='ocrx_word' id='word_1_155' title='bbox 565 3409 753 3480; x_wconf 87' lang='lat' dir='ltr'>extorrem,</span> <span class='ocrx_word' id='word_1_156' title='bbox 784 3386 968 3479; x_wconf 85' lang='lat' dir='ltr'>infamem,</span> <span class='ocrx_word' id='word_1_157' title='bbox 999 3394 1033 3463; x_wconf 73' lang='grc' dir='ltr'>ὅτ</span> <span class='ocrx_word' id='word_1_158' title='bbox 1060 3391 1137 3487; x_wconf 94' lang='lat' dir='ltr'>post</span> 
     </span>
     <span class='ocr_line' id='line_1_27' title="bbox 157 3508 1136 3608; baseline 0.002 -26"><span class='ocrx_word' id='word_1_159' title='bbox 157 3510 375 3585; x_wconf 69' lang='lat' dir='ltr'>intersectum</span> <span class='ocrx_word' id='word_1_160' title='bbox 407 3509 613 3584; x_wconf 87' lang='lat' dir='ltr'>Postumum</span> <span class='ocrx_word' id='word_1_161' title='bbox 657 3508 872 3608; x_wconf 85' lang='lat' dir='ltr'>Agrippam,</span> <span class='ocrx_word' id='word_1_162' title='bbox 918 3509 1038 3584; x_wconf 66' lang='lat' dir='ltr'>omnis&#39;</span> <span class='ocrx_word' id='word_1_163' title='bbox 1063 3509 1136 3606; x_wconf 91' lang='lat' dir='ltr'>spei</span> 
     </span>
     <span class='ocr_line' id='line_1_28' title="bbox 156 3628 1134 3730; baseline 0.004 -27"><span class='ocrx_word' id='word_1_164' title='bbox 156 3655 319 3728; x_wconf 83' lang='lat' dir='ltr'>egenam,</span> <span class='ocrx_word' id='word_1_165' title='bbox 338 3632 456 3730; x_wconf 71' lang='lat' dir='ltr'>inopia</span> <span class='ocrx_word' id='word_1_166' title='bbox 473 3658 513 3705; x_wconf 92' lang='lat' dir='ltr'>ac</span> <span class='ocrx_word' id='word_1_167' title='bbox 530 3633 611 3703; x_wconf 89' lang='lat' dir='ltr'>tabe</span> <span class='ocrx_word' id='word_1_168' title='bbox 628 3632 736 3730; x_wconf 67' lang='lat' dir='ltr'>longa</span> <span class='ocrx_word' id='word_1_169' title='bbox 765 3632 924 3728; x_wconf 86' lang='lat' dir='ltr'>peremit,</span> <span class='ocrx_word' id='word_1_170' title='bbox 951 3628 1134 3707; x_wconf 86' lang='lat' dir='ltr'>obscuram</span> 
     </span>
     <span class='ocr_line' id='line_1_29' title="bbox 152 3750 1134 3854; baseline -0.001 -23"><span class='ocrx_word' id='word_1_171' title='bbox 152 3750 229 3831; x_wconf 83' lang='lat' dir='ltr'>sore</span> <span class='ocrx_word' id='word_1_172' title='bbox 245 3778 368 3828; x_wconf 88' lang='lat' dir='ltr'>necem</span> <span class='ocrx_word' id='word_1_173' title='bbox 381 3752 639 3854; x_wconf 85' lang='lat' dir='ltr'>longinquitate</span> <span class='ocrx_word' id='word_1_174' title='bbox 654 3751 763 3828; x_wconf 86' lang='lat' dir='ltr'>exfilii</span> <span class='ocrx_word' id='word_1_175' title='bbox 779 3772 884 3828; x_wconf 85' lang='lat' dir='ltr'>ratus.</span> <span class='ocrx_word' id='word_1_176' title='bbox 931 3753 999 3825; x_wconf 90' lang='lat' dir='ltr'>Par</span> <span class='ocrx_word' id='word_1_177' title='bbox 1032 3751 1134 3830; x_wconf 85' lang='lat' dir='ltr'>causa</span> 
     </span>
    </p>
   </div>
   <div class='ocr_carea' id='block_1_3' title="bbox 0 0 1306 4716">
    <p class='ocr_par' dir='ltr' id='par_1_3' title="bbox 0 0 1306 4716">
     <span class='ocr_line' id='line_1_30' title="bbox 0 0 1306 4716; baseline 0 2"><span class='ocrx_word' id='word_1_178' title='bbox 0 0 1306 4716; x_wconf 95' lang='lat' dir='ltr'> </span> 
     </span>
    </p>
   </div>
  </div>
 </body>
</html>
