2512 4680
408 340 705 410 Annntruu
747 336 855 409 Lru.
898 337 958 410 vt.
1099 361 1166 438 277

238 509 302 582 111.
345 511 403 580 Ar
442 511 605 603 Jumuru
641 507 857 600 Gallionem,
892 509 953 608 qui
977 508 1164 598 censuerat,

191 635 218 671 “
236 649 275 702 ut
301 628 514 726 praetoriani,
537 629 622 703 adis
645 628 836 726 stipendiis,
856 627 913 727 jus
934 626 1165 726 apiscerentur

189 754 217 792 “
236 748 272 821 in
290 751 555 846 quatuordecim
582 750 762 823 ordinibus
790 746 970 838 sedendi,''
999 748 1169 823 violenter

127 854 133 864 ’
187 868 378 968 increpuit3
404 873 500 945 velut
521 897 640 945 coram
659 869 825 968 rogitans,
857 877 884 913 “
905 869 991 967 quid
1010 869 1059 942 illi
1086 896 1169 943 cum

188 996 217 1032 “
235 990 417 1081 militibus,
446 1018 542 1088 qnos*
560 994 673 1089 neque
690 991 782 1064 dicta
799 990 1038 1086 Imperatoris,
1057 1015 1171 1089 neque

189 1117 216 1153 “
233 1111 375 1207 praemia
400 1110 460 1184 nist
488 1114 533 1185 ab
560 1111 952 1209 Imperamreuac'cipere
974 1136 1034 1208 par
1056 1113 1164 1183 ess'et?

189 1237 217 1285 ·“
235 1231 394 1328 reperiss'e
431 1231 577 1330 prorsus,
629 1232 725 1329 quod
758 1231 861 1304 divus
895 1230 1076 1328 Augustus
1098 1255 1170 1302 non

188 1358 215 1393 “
235 1351 452 1449 providerit?
472 1379 516 1426 an
533 1352 645 1450 potiris
661 1351 867 1426 discordiam
886 1350 1133 1425 &seditionem
1149 1377 1171 1424 a

132 1530 135 1536 a
190 1469 376 1546 “satellite
408 1470 521 1570 Sejani
549 1477 740 1571 quaefitam,
781 1476 851 1571 qud
888 1473 989 1546 rudes
1021 1472 1168 1562 animos,

189 1599 217 1635 “
235 1595 379 1688 nomine
396 1592 552 1683 honoris,
570 1596 614 1667 ad
632 1595 929 1691 corrumpendum
943 1592 1074 1665 militiae
1092 1584 1169 1665 ino·

189 1721 312 1789 “rem
337 1717 597 1814 propelleret?''
648 1718 732 1789 Hoc
759 1706 918 1812 'pretium
953 1713 1078 1786 Gallio·
1095 1738 1169 1784 me·

187 1837 306 1911 ditatae
323 1835 529 1910 adulationis
547 1835 637 1925 tulit,
666 1835 780 1908 statim
803 1835 908 1924 curib,
927 1835 1053 1908 deinde
1074 1831 1169 1906 Italia

186 1957 351 2031 exactus:
380 1962 413 2030 δι
431 1956 513 2055 quia
530 1953 748 2030 incusabatur
766 1953 865 2029 facile
882 1957 1088 2029 toleraturus
1105 1979 1166 2026 ex·
1228 2001 1230 2005 -

186 2076 312 2169 silium,
349 2079 484 2152 delecta
509 2080 638 2167 Lesbo,
677 2074 785 2150 insuta
810 2075 978 2150 nobili&
1010 2078 1165 2166 amoena,

168 2198 367 2272 retrahitur
388 2197 425 2272 in
449 2199 602 2289 Urbem,
628 2197 890 2296 custoditurque
913 2199 1078 2298 domibus
1093 2223 1170 2270 ma·

185 2317 403 2416 gistratuum.
453 2317 580 2392 Iisdem
603 2317 708 2392 literis
735 2313 846 2390 Caesar
872 2316 1029 2399 Sextium
1055 2319 1167 2389 Paco-

184 2438 331 2531 nianum
355 2437 558 2533 pretorium
575 2437 736 2536 perculit,
771 2460 900 2533 magno
923 2455 1062 2532 patrum
1081 2461 1166 2533 gau-

182 2557 259 2649 dio,
282 2557 465 2661 audacem,
483 2559 696 2649 maleficum,
715 2555 877 2631 omnium
900 2553 1023 2629 secreta
1039 2554 1166 2629 riman-

184 2696 272 2765 tem,
305 2677 552 2776 delectumque
580 2678 761 2777 aSejano,
787 2676 883 2776 cujus
905 2701 973 2774 ope
997 2677 1098 2750 dolus
1121 2677 1164 2750 C.

185 2794 309 2870 Caesari
347 2818 547 2896 pararetur:
592 2801 689 2897 quod
719 2793 902 2897 postquam
939 2794 1164 2894 patefactum,

186 2919 373 3015 prorupere
390 2940 559 3015 concepta
576 2921 711 3015 pridem
727 2919 821 3008 odia,
842 2922 875 2991 &
893 2916 1070 2989 summum
1086 2914 1165 3012 sup·

185 3036 332 3136 plicium
348 3039 612 3129 decernebatur,
641 3040 675 3112 ni
692 3037 858 3138 profeffus
874 3036 1044 3111 indicium
1066 3034 1165 3110 foret.

234 3160 298 3231 IV.
321 3159 384 3232 Ur
402 3157 503 3231 verb
526 3158 705 3234 Latinium
722 3159 900 3234 Latiarem
917 3158 1084 3256 ingress'us
1101 3157 1162 3247 est,
1220 3206 1224 3215 -

186 3277 363 3352 accusator
378 3304 418 3353 ac
436 3303 512 3365 reus
533 3276 635 3375 juxta
652 3281 764 3372 invifi,
788 3273 1014 3379 gratiffimum
1037 3275 1164 3374 speda-

185 3401 307 3474 culum
325 3400 554 3497 praebebatur.
602 3389 764 3491 latiaris,
784 3421 823 3475 ut
837 3398 950 3486 retuli,
971 3398 1165 3494 praecipuus

117 3502 126 3509 ’
186 3518 275 3594 olim
297 3517 594 3600 circumveniendi
613 3519 699 3592 Titii
719 3521 849 3609 Sabini,
868 3523 900 3593 ἃ
918 3539 1002 3591 tunc
1026 3519 1163 3594 luendae
1199 3540 1202 3547 ⁴

185 3665 305 3737 poenae
324 3638 457 3738 primus
482 3635 558 3710 fuit.
606 3640 700 3713 Inter
723 3668 802 3740 quae
820 3636 986 3714 Haterius
1004 3639 1164 3738 Agrippa

185 3760 342 3836 consules
369 3757 452 3833 anni
477 3755 598 3858 prioris
622 3756 755 3855 invasit,
783 3768 809 3806 “
828 3785 889 3834 cur
915 3764 1038 3836 mutua
1062 3784 1165 3833 accu-
