2776 4724
200 321 202 325 ι
215 230 278 305 viii

138 404 140 407 ’
191 388 194 398 “
217 409 350 482 calcem
379 405 514 504 majoris
536 411 570 480 &
588 408 799 501 recentioris,
828 423 908 507 quae
935 435 966 483 a.
993 435 1079 511 1721
1112 438 1194 512 pro-

217 529 293 602 diit.
344 530 476 601 Eorum
492 549 597 626 atque
614 528 716 603 etiam
732 529 837 620 tertii,
857 531 1052 622 Harleiani‚
1073 531 1194 607 lenio-

216 674 276 721 nes
291 647 386 721 dedit
401 647 497 721 idem
508 649 698 724 Broterius:
727 651 788 749 qui
805 677 926 727 omnes
942 651 1057 757 seculo
1069 653 1194 751 quinto
1327 743 1332 756 ¹

216 767 355 842 decimo
372 769 490 842 medio
506 768 649 868 scriptos
666 773 781 845 tradit.

263 887 465 963 Personatus
501 890 645 989 quidam
687 893 875 991 Pompeius
916 897 1195 994 Lampugnanus

215 1008 318 1082 etiam
337 1010 455 1082 Codicis
478 1012 701 1085 Mirandulani
716 1035 879 1112 excerpta
903 1016 1058 1114 protulit,
1085 1021 1118 1089 a
1148 1015 1195 1088 ad

214 1131 375 1228 Lipsrum
393 1132 633 1231 castigandum
661 1134 868 1208 contulit'in
895 1126 995 1227 librd,
1025 1136 1082 1210 cui
1110 1136 1192 1208 titu-

215 1250 291 1324 lus:
329 1253 457 1326 Collatio
479 1270 619 1328 notarum
641 1253 681 1344 J.
708 1254 811 1352 Lrpsti
833 1257 867 1329 in
893 1257 930 1328 C.
960 1256 1103 1330 Tacitum
1124 1281 1195 1328 cum

179 1363 181 1369 ’
214 1371 297 1444 MS.
317 1373 552 1448 Mirandulano.
594 1375 740 1473 Bergomi
760 1379 863 1450 1602.
882 1380 915 1450 8.
965 1379 1042 1452 Sub
1059 1403 1103 1450 eo
1129 1402 1194 1450 no-

214 1493 309 1569 mine
325 1496 431 1570 latere
447 1500 571 1596 Marq.·
585 1492 752 1569 Freberum
770 1496 891 1594 opinio
907 1496 980 1584 est;
1014 1523 1120 1595 quam
1144 1496 1194 1571 se-

213 1615 275 1713 qui
292 1620 336 1689 ·&
365 1617 562 1713 Ryckium,
593 1641 638 1690 ex
661 1639 743 1691 nota
766 1619 811 1690 ad
834 1619 887 1691 H.
903 1619 968 1708 111,
993 1642 1046 1713 ¹3·
1075 1617 1194 1691 didici.

213 1736 377 1810 Ceterum
402 1737 540 1834 Lipsius
568 1736 604 1808 in
622 1737 847 1833 Dispunllione
862 1751 1002 1809 notarum
1019 1737 1197 1808 Mirandu-

212 1858 282 1927 lam'
298 1856 415 1928 Codicis
439 1882 470 1928 a.
493 1860 593 1929 1602.
615 1854 721 1945 edita,
747 1854 897 1953 subjedta
922 1855 1051 1928 deinde
1071 1855 1194 1928 editio-

212 1976 316 2049 nibus
348 1975 500 2072 exempli
533 1972 702 2071 Lipfiani,
751 1976 848 2050 velut
884 1972 1128 2070 Antverpiensr
1162 1998 1195 2046 a.

219 2098 323 2187 1648.
352 2121 434 2168 eum
450 2095 619 2172 Codicem
636 2115 695 2171 aut
713 2097 851 2170 nullum
872 2095 953 2188 effe,
981 2115 1042 2168 aut
1068 2094 1196 2169 nullius

214 2214 471 2314 pretiijudicat.

212 2328 214 2333 ’
263 2335 426 2409 Videram
444 2335 550 2410 etiam
566 2339 611 2411 ab
628 2340 662 2433 J.
678 2336 853 2436 Schegkio
865 2338 911 2412 ad
921 2337 1044 2411 Vellei.
1069 2367 1104 2437 p.
1124 2362 1195 2436 504

124 2554 129 2565 Ι
211 2458 267 2530 ed.
284 2460 404 2530 Burm.
434 2457 563 2531 laudari
582 2457 719 2563 codicem
735 2460 996 2557 Herbipolerffem,
1026 2461 1087 2558 qui
1115 2461 1196 2532 effet

211 2578 248 2651 in
273 2577 486 2653 Bibliotheca
511 2579 720 2679 Episcopali.
770 2582 907 2677 Itaque,
937 2605 1018 2653 cum
1046 2578 1195 2677 primam

213 2699 404 2772 editionem
421 2702 598 2798 parabam,
618 2700 731 2796 scripst
744 2701 789 2772 ad
806 2700 960 2798 aliquem
975 2700 1091 2774 virum
1108 2701 1194 2775 doc·

77 2901 79 2912 Ι
214 2841 289 2893 turn
307 2820 341 2894 in
360 2846 400 2893 ea
416 2825 514 2912 urbe,
537 2847 692 2918 quocum
709 2820 839 2918 aliquid
854 2820 985 2893 notitiae
1003 2820 1089 2894 mihi
1106 2820 1196 2896 olim
1347 2825 1350 2830 ’

213 2941 270 3014 hic
294 2940 416 3029 fuerat,
445 2967 600 3039 eumque
617 2944 751 3041 rogavi,
779 2964 817 3016 ut
840 2943 925 3041 quid
943 2941 1087 3017 Codicis
1100 2941 1196 3015 istius

212 3063 307 3147 effer,
336 3057 566 3156 perscriberet,
601 3060 740 3159 ejusque
768 3063 855 3136 mihi
884 3063 985 3160 copia
1012 3082 1051 3134 ut
1085 3063 1194 3148 fieret,

214 3180 404 3276 perficeret.
454 3180 520 3250 Sed
537 3178 624 3250 nihil
648 3182 796 3278 responsi
827 3182 903 3254 tuli.
952 3182 1045 3254 Cum
1068 3179 1195 3254 iterum

213 3297 496 3373 adtradtandum
521 3317 659 3383 textum
680 3300 905 3391 accedebam,
935 3285 1077 3373 alteram
1104 3299 1194 3373 hanc
1338 3340 1339 3347 κ

212 3417 400 3511 editionem
418 3438 612 3508 curaturus,
641 3419 686 3490 ad
711 3418 819 3491 alium
844 3420 957 3493 virum
985 3418 1130 3491 dodum
1158 3419 1195 3494 in

71 3607 76 3619 .
213 3540 364 3624 cambe,
382 3535 520 3635 scripsr;
542 3564 649 3636 quem
666 3541 847 3636 putabam,
866 3539 992 3613 idonea
1005 3538 1050 3610 de
1061 3539 1191 3628 caussa,

140 3746 145 3766 ¹
211 3683 285 3743 tem
301 3655 560 3758 suscepturum:
591 3658 687 3759 isque
704 3656 785 3733 fecit
803 3658 936 3748 omnia,
966 3678 1002 3732 ut
1019 3655 1091 3755 ejus
1109 3658 1191 3761 libri
1287 3702 1290 3705 -
1356 3658 1358 3661 ’
