2602 4716
465 337 779 407 Arruntium
809 334 992 414 Lrnll.
1189 339 1228 432 ⁸5

262 506 366 581 annis
386 507 595 603 opplevere3
626 503 769 601 repertis
797 504 884 575 inter
905 503 1012 599 spolia
1032 530 1161 578 eorum·
1177 533 1228 582 ca·

261 627 361 716 tenis,
394 652 477 724 quas
493 626 530 698 in
556 631 754 712 Romanos,
787 643 925 694 utnon
953 622 1064 696 dubio
1092 647 1228 731 eventu,

259 747 487 844 portaverant.
553 744 663 818 Miles
695 745 730 816 in
764 745 842 816 loco
882 741 1010 839 proelii,
1052 742 1228 820 Tiberium

256 868 475 964 Imperatorem
506 864 681 954 salutavit,
711 863 902 960 struxitque
932 887 1112 959 aggerem,
1148 866 1228 941 &in

255 988 401 1061 modum
431 1009 645 1084 tropaeorum
684 1010 796 1074 arma,
835 981 1026 1079 subscriptis
1063 983 1228 1061 vittarum

259 1109 417 1207 gentium
429 1108 645 1196 nominibus,
675 1103 849 1202 imposuit.

315 1231 416 1302 XIX.
460 1231 588 1303 Htun
628 1250 806 1300 neutuna
848 1227 1043 1298 Germanos
1076 1229 1228 1317 vulnera,

259 1350 387 1437 ludus,
420 1348 570 1437 excidia,
606 1348 714 1445 quarn
753 1371 794 1417 ea
826 1344 952 1442 species
980 1347 1099 1419 dolore
1126 1352 1159 1419 δι
1189 1349 1228 1421 irs

261 1465 412 1540 adfecit:
454 1467 513 1564 qui
542 1467 649 1540 modi>
682 1465 776 1539 abire
804 1462 952 1555 sedibus,
987 1486 1079 1538 trans
1113 1469 1228 1541 Albim

259 1587 450 1660 concedere
483 1589 657 1683 parabant,
692 1612 848 1683 pugnarn
882 1588 1018 1674 volunt,
1057 1611 1152 1657 arma
1184 1578 1228 1659 ra·

260 1704 384 1802 piunt:
415 1707 544 1802 plebes,
578 1707 755 1802 primores,
778 1703 959 1803 juventus,
978 1704 1084 1795 senes,
1106 1732 1228 1804 agmer.

260 1830 469 1899 Romanum
487 1827 624 1925 repente
647 1824 829 1916 incursant,
864 1828 1023 1898 turbant:
1059 1828 1228 1922 postremi

260 1946 420 2044 deligunt
446 1948 577 2037 locum,
608 1947 753 2027 flumine
779 1950 812 2018 δι
842 1947 930 2021 silvis
954 1945 1121 2035 clausum,
1147 1951 1228 2022 arsis

216 2117 218 2125 >
256 2066 347 2139 intus
365 2065 519 2162 planitie,
554 2071 588 2140 ὃ(
613 2066 780 2139 humida:
810 2067 907 2140 silvas
930 2093 1070 2165 quoque
1095 2068 1228 2165 prosum

255 2188 300 2261 da
316 2189 415 2286 palus
440 2187 612 2276 ambibat,
643 2186 704 2263 nisr
732 2186 828 2284 qubd
854 2188 943 2260 latus
969 2214 1081 2262 unum
1098 2191 1228 2289 Angri-

216 2379 221 2388 ,
257 2307 340 2388 varii
368 2310 437 2382 lato
454 2334 581 2406 aggere
608 2308 818 2396 extulerant,
845 2307 917 2404 qub
939 2334 959 2379 a
980 2308 1161 2383 Cheruscis
1182 2312 1228 2382 di.

256 2427 483 2504 rimerentur:
519 2429 578 2500 hle
601 2428 705 2523 pedes
729 2425 880 2512 adstitit;
914 2428 1069 2524 equitem
1095 2434 1228 2529 propin

258 2546 336 2643 quis
360 2546 443 2620 lucis
465 2548 595 2636 texere,
630 2567 668 2620 ut
689 2545 840 2650 ingresfis
864 2549 983 2625 silvam
1005 2548 1228 2651 legionibust

258 2683 358 2764 tergo
376 2664 475 2741 foret.
654 2764 662 2770 ,

305 2787 389 2861 XX.
423 2790 461 2861 N
465 2813 552 2865 unu
572 2816 616 2865 ex
640 2819 680 2866 us
702 2793 827 2869 Caesari
850 2792 1092 2890 incognitum:
1128 2796 1228 2894 const«

257 2905 316 2996 lia,
351 2910 461 2998 locos,
496 2900 673 3008 prompta,
708 2916 846 2990 occulta
884 2933 1040 3001 noverat,
1080 2911 1228 3011 astusque

257 3025 410 3098 hostium
426 3028 461 3098 in
490 3029 676 3123 perniciem
694 3032 771 3129 ipsis
799 3036 965 3106 vertebat.
1016 3029 1094 3104 Seio
1115 3032 1228 3106 Tube·

256 3144 333 3216 roni
351 3145 468 3242 legato
484 3147 587 3219 tradit
603 3150 770 3246 equitem,
794 3178 1048 3250 campumque:
1076 3151 1228 3247 'peditum

257 3263 368 3335 aciem
394 3263 440 3336 ita
466 3264 635 3359 instruxit,
666 3293 704 3345 ut
730 3299 809 3369 pars
832 3299 935 3370 oequo
950 3274 984 3345 in
1003 3274 1122 3345 silvam
1140 3270 1228 3347 adiu

260 3382 450 3473 incederet,
497 3413 574 3483 pars
612 3390 790 3489 objeslum
828 3419 992 3490 aggerem
1031 3392 1228 3467 eniteretur

256 3505 354 3602 quod
372 3505 535 3596 arduum,
559 3510 638 3596 srbi;
666 3534 779 3586 cetera
796 3511 916 3609 legatis
934 3510 1096 3608 permisit.
1147 3515 1228 3610 Qn-

192 3618 194 3627 ⁴
256 3627 320 3698 bus
349 3627 456 3723 plana
473 3615 685 3721 euenerant,
715 3632 814 3705 facile
848 3630 1030 3726 inrupere:
1060 3635 1139 3728 quls
1171 3634 1228 3705 im·

256 3747 468 3847 pugnandus
486 3773 607 3848 agger,
637 3771 677 3823 ut
695 3754 717 3823 sr
735 3776 877 3860 murum
893 3748 1127 3841 succederent,
1142 3848 1144 3851 ι
1160 3777 1228 3851 gra·

705 3871 739 3940 G
769 3895 788 3969 3
